3014 4522
520 609 738 673 „at-83*

219 835 272 862 ,...
287 787 399 849 sciens
417 788 571 849 dolorem
588 787 661 850 eius
684 788 763 869 (mei
780 788 910 870 populi)
928 789 1102 863 descendi,

151 932 189 983 ut
211 918 358 982 liberum
382 940 460 983 eum
485 922 528 983 de
552 921 710 983 manibus
734 921 993 1004 Aegyptiorum
1021 924 1103 984 edu-

153 1074 230 1116 cam
247 1054 291 1116 de
307 1062 400 1117 terra
420 1055 480 1117 illa
502 1055 537 1117 in
553 1064 680 1118 terram
696 1058 824 1117 bonam
848 1066 882 1118 et
907 1055 1104 1136 spatiosam,

153 1188 187 1248 in
217 1197 360 1262 terram,
396 1208 486 1269 quae
514 1187 587 1253 fluit
615 1191 706 1253 laete
740 1203 775 1253 et
803 1189 921 1263 melle,
956 1192 1001 1251 ad
1029 1191 1105 1252 loca

154 1319 355 1384 Chananaei
385 1331 420 1384 et
442 1289 594 1384 Hethaei
626 1333 661 1385 et
683 1322 891 1386 Amorrhaei
920 1332 954 1385 et
976 1325 1104 1386 Phere-

154 1455 228 1516 zaei
251 1464 287 1517 et
310 1455 447 1517 Hevaei
471 1464 507 1517 et
529 1455 698 1518 Iebusaei’
723 1457 863 1538 (quade
884 1477 922 1519 re
942 1468 1026 1520 v.et
1048 1457 1104 1518 lib.

154 1587 269 1651 Exodi
285 1571 397 1663 111,'a;
422 1588 572 1668 XI11‚5;
598 1589 776 1665 xxxin,
795 1613 823 1669 3.
859 1590 1003 1653 Levita.
1020 1588 1106 1662 xx,

158 1745 207 1802 24.
253 1723 393 1785 Numer.
414 1722 518 1795 XIII,
538 1727 587 1784 28.
638 1722 827 1787 Deuteron.
844 1723 908 1797 VI,
926 1745 954 1802 3.
1005 1722 1107 1784 Iosue

156 1857 199 1931 V,
218 1861 246 1920 6.
293 1857 459 1936 Prophet.
477 1857 600 1920 Ierem.
621 1857 690 1931 XI,
709 1877 736 1936 5.
783 1858 952 1919 Ezechiel.
973 1856 1059 1930 XX,
1078 1860 1107 1917 ὁ.

157 1989 391 2053 Ecclesiastie
407 1990 538 2065 XLVI,
560 1990 619 2071 10).
636 2028 680 2036 —

222 2122 331 2205 Apud
354 2123 503 2186 iudaeos
527 2124 632 2205 igitur
655 2136 747 2188 terra
771 2133 891 2205 optata
913 2123 976 2186 fuit
998 2123 1107 2204 regio,

157 2256 215 2318 ubi
244 2258 313 2318 mel
341 2277 361 2318 e
393 2259 490 2320 caelo
520 2259 576 2319 vel
606 2279 651 2320 ex
680 2259 860 2320 arboribus
889 2258 946 2318 vel
975 2265 1111 2317 eterra

158 2400 374 2452 manaturum
399 2412 476 2454 esse
502 2402 787 2472 expectaverunt.
831 2389 939 2471 Apud
955 2387 1110 2451 Graecos

159 2543 241 2585 vero
258 2523 510 2606 Romanosque
534 2526 622 2588 haec
645 2546 779 2588 summa
803 2523 1035 2586 munificentia
1059 2522 1109 2584 di-

43 2685 46 2689 ·
160 2657 240 2719 vina
272 2667 388 2721 aetate
418 2679 524 2720 aurea
555 2660 613 2722 diu
643 2659 845 2741 praeterita,
883 2678 959 2721 cum
991 2654 1109 2720 Satur-

159 2811 222 2852 nus
246 2792 410 2853 mundum
426 2792 607 2872 regnabat,
630 2792 744 2854 locum
766 2792 928 2854 habuisse
949 2791 1064 2854 fertur.

226 2925 406 3000 ,Redeunt
433 2923 595 2988 Saturnia
625 2923 761 3006 regna’:
797 2925 974 3006 Vergilius
1006 2925 1109 3007 (Eccl.

161 3058 220 3132 IV,
237 3058 268 3137 ὁ)
305 3059 480 3121 exclamat
508 3068 612 3140 atque
645 3059 734 3121 illins
764 3060 929 3140 temporis
960 3079 1110 3120 summas

162 3191 303 3254 delicias
336 3191 506 3254 redituras
542 3213 619 3254 esse
650 3193 698 3254 ita
726 3192 945 3272 praenuntiat
975 3191 1017 3272 (v.
1041 3189 1110 3270 30):

163 3371 253 3399 .....
261 3325 367 3387 durae
391 3345 539 3406 quercus
564 3326 736 3387 sudabunt
759 3325 897 3386 roscida
920 3324 1046 3386 mella’.

227 3459 271 3520 Et
286 3458 375 3520 inter
391 3458 610 3520 incommoda
632 3480 652 3519 a
668 3458 751 3519 Iove
768 3469 892 3539 postea
907 3457 1034 3519 mundo
1051 3456 1111 3517 im-

164 3591 275 3672 posita
296 3592 387 3654 idem
404 3593 509 3674 polita
525 3594 592 3654 hoc
617 3602 795 3655 enumerat
819 3591 958 3674 (Georg.
975 3590 1000 3663 I,
1024 3588 1112 3669 131):

920 3696 951 3746 6·
