3014 4522
751 595 991 660 *1684-

392 773 662 837 Atheniensium
677 792 921 854 nonnunquam
937 773 1014 856 apis
1027 783 1184 856 apparet.
1207 773 1350 835 Minime

395 909 517 971 mirum
543 909 578 970 id
595 908 743 990 quidem.
784 907 875 990 Apis
899 907 989 970 enim
1014 919 1121 984 casta,
1146 928 1236 990 quae
1253 945 1292 952 —
1313 920 1351 972 ut

395 1042 542 1104 vidimus
565 1079 595 1084 -·
618 1053 654 1105 et
671 1042 716 1104 ad
732 1041 853 1104 Musas
868 1042 1122 1126 Nymphasque
1147 1053 1182 1106 et
1205 1043 1250 1105 ad
1266 1042 1349 1105 Dia-

394 1197 475 1239 nam
505 1175 734 1257 Hecatenque
760 1175 979 1257 pertinebat,
1014 1188 1134 1258 aptum
1168 1174 1351 1238 Minervae

394 1308 520 1390 virgini
556 1310 752 1391 symbolum
786 1309 861 1372 fuit.
917 1310 1107 1373 Praeterea
1145 1310 1234 1373 sicut
1273 1311 1351 1393 apis

395 1464 542 1528 pugnax
580 1453 655 1506 erat
688 1443 855 1507 Minerva
916 1444 1040 1526 Itaque
1080 1446 1169 1508 haec
1202 1443 1352 1506 Eckheli

395 1578 635 1660 interpretatio
657 1598 874 1640 nummorum
888 1576 1157 1641 Atheniensium
1180 1579 1223 1661 (v.
1241 1578 1351 1640 doctr.

395 1734 485 1776 num.
504 1723 573 1775 vet.
589 1711 632 1785 Π,
656 1731 689 1793 p.
711 1713 784 1792 218)
808 1712 907 1775 nobis
924 1712 1102 1794 displicet:
1127 1710 1274 1786 ,videtur
1290 1713 1351 1774 ad·

396 1849 517 1911 ludere
541 1845 617 1928 apis
641 1846 686 1908 ad
707 1846 958 1927 praestantiam
981 1846 1104 1920 mellis,
1128 1864 1196 1927 quo
1213 1845 1352 1907 nomine

395 1982 528 2045 vicinus
557 1999 656 2042 mons
679 1979 869 2061 Hymettus
898 1980 1089 2042 secundum
1117 1978 1232 2041 omnia
1255 1989 1352 2041 vete-

396 2135 472 2178 rum
487 2113 685 2178 testimonia
701 2114 899 2177 celebratus
914 2112 998 2177 fuit!
1031 2114 1244 2195 Interpretes
1261 2112 1353 2175 enim

396 2249 593 2330 ubicunque
614 2268 718 2330 apem
737 2247 773 2310 in
789 2247 905 2329 aliquo
928 2266 1068 2310 nummo
1084 2255 1206 2308 vetere
1222 2245 1353 2321 vident,

396 2376 611 2464 argumentis
628 2381 713 2444 nihil
735 2381 830 2444 dubii
852 2381 1125 2463 relinquentibus
1145 2382 1353 2462 plerumque

398 2518 534 2591 docent,
558 2517 652 2579 illam
675 2517 870 2598 symbolum
895 2535 973 2578 esse
990 2513 1101 2577 mellis
1125 2515 1192 2576 hac
1216 2514 1251 2575 in
1275 2513 1354 2595 ipsa

398 2651 544 2733 regione
573 2650 704 2725 eximii,
739 2650 799 2712 ubi
832 2669 991 2711 nummus
1018 2648 1076 2710 ille
1109 2648 1267 2730 signatus
1299 2647 1353 2711 sit.

397 2787 452 2849 De
477 2786 579 2848 melle
602 2804 686 2848 vero
711 2783 759 2847 ait
782 2781 912 2846 Plinius
937 2782 988 2864 (N.
1002 2781 1046 2844 H.
1063 2781 1128 2856 XI,
1146 2779 1213 2861 13)=
1239 2788 1355 2852 ‚sucus

398 2919 519 2982 florum
532 2919 581 2982 ibi
596 2918 745 3001 optimus
759 2937 907 3000 semper,
922 2917 982 2979 ubi
995 2916 1203 2998 optimorum
1218 2913 1355 2977 doliolis

397 3052 520 3116 florum
537 3053 702 3117 conditur.
735 3051 877 3115 Atticae
897 3049 1050 3133 regionis
1066 3051 1133 3112 hoc
1151 3058 1186 3111 et
1202 3046 1353 3126 Siculae,

397 3187 566 3269 Hymetto
591 3196 626 3250 et
648 3186 777 3269 Hybla,
807 3186 852 3248 ab
876 3185 979 3248 locis:
1014 3201 1098 3245 mox
1123 3180 1280 3265 Calydna
1303 3181 1353 3243 in·

398 3322 491 3384 sula.
508 3370 514 3382 .
529 3370 556 3383 ..
582 3320 670 3402 (14).
686 3369 691 3381 .
716 3320 837 3382 Aliubi
856 3367 906 3383 ...
931 3317 1002 3380 favi
1031 3335 1113 3379 cera
1141 3315 1355 3397 spectabiles

397 3455 589 3535 gignuntur
617 3466 655 3517 ut
682 3454 715 3515 in
739 3453 907 3536 Pelignis,
941 3451 1077 3516 Sicilia:
1114 3449 1219 3513 aliubi
1242 3448 1354 3512 mellis

399 3586 509 3668 copia,
534 3597 570 3649 ut
587 3588 620 3648 in
639 3585 750 3661 Creta,
776 3587 902 3671 Cypr0,
927 3585 1066 3649 Africa:
1094 3583 1199 3648 aliubi
1218 3583 1353 3665 magni-
