3014 4522
525 604 765 666 *121⁴-

171 784 307 847 Romae
337 793 458 865 quarto
488 801 626 864 quoque
646 785 681 865 'p.
696 781 774 845 Chr.
787 802 819 846 n.
850 783 989 846 saeculo
1018 782 1123 846 exsti·

171 917 264 991 tisse,
294 937 340 979 ex
363 917 532 992 oratione,
563 938 666 999 quam
689 917 864 992 Himerius
888 915 1054 998 Sophista
1078 916 1123 978 ad

158 1043 337 1114 ‘Basilium
361 1051 605 1132 proconsulem
628 1071 806 1115 romanum
830 1051 959 1126 habuit,
990 1049 1122 1131 collIgi·

172 1205 263 1259 mus;
287 1186 347 1248 ubi
369 1184 425 1247 ille
450 1183 732 1268 (orat.XIII,1·1)
757 1186 823 1250 ait:

235 1314 378 1395 ,Ταύτας
410 1313 449 1399 δὴ
481 1312 541 1395 τὰς
572 1322 630 1380 τοῦ
662 1315 780 1402 πατρὸς
807 1314 976 1401 παρέδρους
1004 1312 1122 1400 λαβών,

172 1441 258 1528 ἥκεις
290 1447 331 1524 εἰς
353 1445 532 1531 Ἕλληνας,
570 1442 604 1510 αἳ
638 1446 695 1510 λαὶ
730 1447 896 1532 τεχθέντα
928 1467 965 1510 σε
996 1445 1123 1524 κόλποις

173 1573 320 1663 ἐδέξαντο
341 1575 398 1640 καὶ
419 1573 458 1640 ἐκ
483 1572 676 1661 σπαργάνων
698 1545 930 1662 ἑτιτλονὴοαντο
952 1575 988 1641 οὺ
1008 1575 1124 1659 κηρίοις

173 1706 329 1788 μελιττῶν
350 1701 535 1809 τισίν,”ἀλλ’
556 1706 683 1790 εὐνομίᾳ
703 1706 761 1771 καὶ
780 1707 887 1792 λόγοος
899 1757 905 1771 .
917 1756 943 1771 ..
958 1709 1056 1772 κτλ
1068 1757 1075 1771 .
1088 1757 1094 1771 .
1107 1709 1122 1770 .’

239 1858 312 1921 Lac
336 1879 422 1941 ergo
448 1867 483 1922 et
505 1859 574 1921 mel
597 1859 760 1921 alimenta
782 1858 875 1922 Iovis
900 1880 978 1923 esse
1001 1868 1123 1942 putata

173 2002 264 2066 sunt,
293 1993 373 2074 quia
403 2013 522 2056 omnes
549 1993 697 2057 infantes
727 1994 851 2057 eodem
874 1995 977 2057 modo
1000 2016 1122 2078 pasce·

172 2126 306 2192 bantur.
352 2127 543 2210 Postquam
566 2148 649 2191 vero
675 2128 721 2191 dii
744 2128 813 2191 mel
836 2129 995 2204 ederunt,
1021 2149 1122 2192 sucus

172 2260 230 2323 ille
246 2260 389 2336 divinus
406 2263 538 2324 nectari
555 2262 816 2345 ambrosiaeque
832 2284 904 2346 par,
925 2263 1121 2346 symbolum

172 2394 437 2458 immortalitatis
459 2395 572 2459 factus
597 2408 659 2460 est.

239 2528 337 2592 Haec
362 2539 478 2592 autem
501 2529 612 2612 prima
628 2531 770 2593 deorum
794 2531 1037 2612 hominumque
1062 2530 1121 2593 ali·

172 2673 296 2737 menta,
320 2664 389 2726 mel
412 2675 446 2727 et
466 2663 530 2736 lac,
555 2662 690 2739 Graeci,
714 2674 752 2726 ut
774 2664 829 2727 lac
853 2665 992 2727 suavius
1014 2664 1120 2739 fieret,

173 2797 365 2860 miscebant
400 2797 443 2879 (v.
464 2796 600 2861 Aelian.
622 2796 666 2861 A.
679 2798 721 2861 N.
742 2797 824 2872 XV,
843 2797 883 2879 7).
936 2795 1054 2879 Atque
1087 2796 1122 2859 in

173 2931 281 2993 sacris
305 2942 339 2994 et
362 2929 574 2995 Graecorum
598 2943 632 2995 et
655 2932 892 2994 Romanorum
918 2932 972 2995 lac
997 2942 1032 2995 et
1054 2933 1132 2995 mel

173 3085 280 3148 saepe
304 3065 486 3130 coniuncta
508 3065 614 3128 fuisse
637 3065 725 3128 infra
748 3064 951 3130 videbimus.
978 3101 1016 3111 —

241 3196 353 3279 Quam
378 3200 596 3263 concordiam
619 3200 719 3264 lactis
743 3201 922 3284 mellisque
945 3200 980 3262 in
1002 3199 1122 3263 ritibus

173 3352 309 3416 quoque
353 3334 552 3414 symbolicis
589 3334 822 3416 baptismatis,
848 3335 1039 3399 invenimus
1079 3335 1121 3417 (v.

174 3465 313 3531 Grimm.
336 3468 368 3529 d.
389 3466 434 3529 R.
448 3467 492 3531 A.
515 3489 549 3551 p.
567 3473 644 3548 458,
679 3470 738 3532 ubi
768 3470 865 3532 locus
892 3468 1039 3532 Diaconi
1066 3488 1121 3550 ap.

173 3599 349 3663 Mabillon.
361 3621 446 3665 mus
460 3602 530 3665 ital.
543 3603 568 3677 I,
583 3623 611 3679 2,
627 3624 660 3686 p,
675 3607 734 3683 69:
751 3605 814 3679 ,lac
832 3623 918 3685 ergo
931 3611 966 3666 et
981 3602 1050 3665 mel
1060 3621 1121 3685 po·
