3014 4522
635 623 877 686 *1374-

278 800 434 867 mulsum'
451 822 529 865 esse
545 801 634 864 falso
647 803 759 876 docet,
772 801 920 866 fortasse
937 802 1046 867 secuti
1063 814 1142 867 sunt
1154 824 1232 886 pro·

278 947 401 1019 pterea
422 938 515 1019 quod
538 938 779 1017 neglexerunt,
803 946 941 999 veteres
963 937 1057 1023 melli
1081 938 1147 1020 ipsi
1163 939 1233 1001 vim

278 1071 437 1154 sepiendi
455 1072 630 1152 quandam
652 1070 767 1132 inesse
784 1069 1014 1133 existimasse.
1046 1071 1234 1134 Praeterea

279 1204 458 1268 infantium
475 1215 580 1287 potus
603 1204 672 1267 mel
697 1224 775 1267 cum
790 1205 882 1268 lacte
906 1205 1053 1268 mixtum
1077 1214 1152 1267 erat
1174 1225 1233 1267 ne·

278 1359 345 1420 que
369 1359 452 1402 vero
475 1340 632 1402 mulsum.
658 1376 699 1385 -

320 1462 433 1536 'Num
458 1484 574 1536 autem
598 1473 723 1536 Ulixes
747 1473 893 1557 primum
918 1474 1076 1548 mulsum,
1107 1474 1233 1537 deinde

275 1628 392 1671 rursus
409 1609 535 1682 vinum,
560 1620 632 1673 tum
656 1627 783 1690 aquam
806 1608 949 1671 mortuis
974 1605 1232 1681 sacrificaverit,

275 1741 391 1806 facere
421 1762 490 1804 non
519 1763 703 1824 possumus
734 1742 816 1825 quin
845 1740 1050 1803 dubitemus
1098 1739 1161 1804 Cui
1184 1741 1234 1805 rei

277 1877 360 1939 illud
393 1872 589 1958 ,μελίκρατα
611 1870 795 1957 γάλακτος’
822 1873 997 1957 Euripidis
1026 1877 1233 1938 documento

277 2023 340 2083 est,
363 2011 421 2072 ubi
439 2012 482 2073 de
500 2010 608 2073 sacris
625 2012 718 2090 apud
741 2009 937 2089 sepulcrum
955 1998 1233 2091 Clytemnestrae

275 2142 442 2206 faciendis
466 2144 514 2207 ita
538 2144 689 2226 loquitur
714 2141 948 2223 (Orest.115):

337 2272 511 2357 ,μελίκρατ’
540 2269 620 2358 ἄφες
641 2271 811 2358 γάλακτος
838 2273 966 2337 οἰνωπόν
993 2277 1022 2336 τ’
1045 2269 1148 2358 ἄχνην
1168 2277 1233 2337 ...’

276 2404 387 2488 Quem
412 2408 457 2469 ad
481 2428 619 2470 versum
644 2408 815 2489 interpres
839 2426 989 2489 graecus
1013 2406 1077 2468 ait:
1101 2404 1147 2480 ,τὸ
1171 2398 1233 2467 ἀπὸ

274 2537 400 2620 μέλιτος
421 2537 478 2601 καὶ
500 2535 669 2622 γάλακτος
689 2538 900 2623 κεκραμένον’.
917 2576 957 2582 -

327 2672 412 2735 ¹Mel
441 2682 557 2734 autem
586 2692 607 2734 a
630 2672 749 2753 primis
779 2670 993 2753 temporibus
1018 2666 1232 2732 Graecorum

275 2827 385 2887 usque
419 2809 464 2869 ad
487 2806 725 2868 Romanorum
759 2805 879 2867 ultima
910 2805 1004 2887 apud
1037 2804 1233 2885 sepulturas

276 2938 507 3003 sacrificatum
525 2950 587 3002 est.
615 2938 691 3002 Iam·
701 2938 923 3021 Iphigeniam
939 2958 977 3000 se
990 2937 1101 3019 ipsam
1119 2937 1151 2998 in
1164 2934 1232 2998 fra·

273 3074 335 3136 tris
353 3094 477 3156 rogum
495 3073 564 3135 mel
576 3072 765 3135 infusuram
781 3092 859 3135 esse
877 3072 909 3134 ei
921 3070 1121 3153 promisisse
1134 3069 1232 3132 Euri·

274 3207 375 3288 pides
396 3209 463 3270 hoc
486 3210 590 3270 modo
612 3206 777 3269 describit
800 3206 886 3288 (lph.
904 3205 1006 3267 Taur.
1027 3225 1059 3268 v.
1076 3203 1166 3283 604):

374 3355 483 3433 ,πολύν
505 3378 542 3420 τε
563 3353 628 3441 γάρ
651 3376 700 3420 σοι
721 3354 839 3437 κόσμον
863 3351 993 3438 ἐνθήσω
1016 3351 1162 3437 τάφῳ

380 3488 517 3570 καὶτῆς
540 3486 641 3571 ὀρείας
664 3481 899 3568 ἀνθεμὸρῤυτον
921 3481 1019 3568 γάνος

374 3616 493 3705 ξουθῆς
516 3617 631 3700 μελὶσσ
645 3638 668 3700 Ις,
690 3616 721 3692 ἐς
743 3611 842 3698 πυρὰν
865 3614 957 3700 βαλῶ
981 3614 1094 3678 σέθεν]
