3014 4522
640 627 693 655 ,μ
732 603 859 663 14*-

336 773 408 851 ,οἶδε
427 776 460 839 δὲ
479 775 604 840 καὶτὸν
619 776 837 860 προςελθοντα
858 772 892 862 ἐξ
914 771 1095 852 ἀκολασίας
1116 774 1229 840 τεκαὶ

273 905 397 989 ὁμιλίας
411 912 469 988 τῆς
488 906 562 990 πρός,
576 912 716 990 γυναῖκα
731 904 787 968 καὶ
802 904 907 967 διώκει
921 901 1035 968 ἐκεῖνον
1055 900 1106 969 οἷα
1130 903 1229 989 δήπου

274 1034 451 1120 {rumori

340 1171 535 1252 Propterea
563 1170 695 1233 Plinius
725 1170 829 1232 etiam
863 1170 1040 1243 mulieres,
1076 1180 1113 1232 ut
1142 1190 1229 1252 apes

274 1317 432 1385 tempore
461 1313 713 1366 menstruorum
736 1305 861 1379 vitent,
889 1306 956 1366 hoc
985 1306 1088 1366 modo
1112 1314 1229 1366 monet

274 1438 351 1519 (XI,
373 1438 440 1516 15):
477 1439 669 1512 ‚mulierum
699 1459 837 1501 menses
869 1441 974 1500 odere
1006 1437 1133 1520 (apes)'.
1185 1437 1230 1500 Et

275 1572 493 1634 Florentinus
532 1572 652 1635 scribit
688 1571 889 1654 (Geoponic.
913 1573 971 1634 lib.
995 1572 1088 1652 XV„
1105 1594 1132 1645 2,
1162 1572 1228 1652 19):

274 1701 407 1789 ,γυναιξὶ
435 1701 469 1765 δὲ
491 1700 692 1788 ἐπέρχονται,
722 1701 867 1786 μάλιστα
893 1709 964 1781 ταῖς
985 1699 1230 1786 ἠφροδιατασμὲ-

275 1835 356 1909 νοιςὶ
405 1836 507 1899 Cuius
540 1837 708 1898 castitatis
737 1837 854 1918 apium
884 1836 1113 1917 puritatisque
1141 1833 1230 1897 fides

232 1981 233 1986 ’
276 1971 380 2032 etiam
409 1968 629 2032 confirmatur
657 1989 699 2030 ea
722 1991 769 2044 re,
798 1972 890 2050 quod
914 1989 1028 2051 neque
1056 1969 1099 2031 ad
1126 1970 1229 2030 ullam

275 2124 348 2165 rem
363 2104 537 2183 putridam
558 2103 723 2164 advolare
745 2123 857 2183 neque
879 2121 1018 2164 carnem
1040 2102 1140 2163 ullius
1158 2101 1228 2162 ani-

275 2237 375 2297 malis
396 2246 542 2317 tangere
563 2257 676 2318 neque
699 2236 870 2318 quoslibet
893 2239 1017 2298 odores
1039 2237 1113 2317 pati
1129 2244 1229 2316 puta-

276 2371 410 2432 bantur.

344 2516 554 2577 Aristoteles
579 2516 668 2577 enim
694 2518 796 2579 docet
820 2516 864 2597 (p.
881 2537 952 2594 555,
969 2516 1004 2576 A
1021 2537 1047 2577 2.
1066 2517 1119 2576 ed.
1137 2516 1230 2576 Bek·
1256 2534 1258 2538 ⁴

277 2649 363 2730 ker):
380 2646 428 2722 ,Ἡ
439 2645 576 2728 μέλιττα
588 2647 661 2730 πρὸς
673 2646 760 2710 οὐδὲν
771 2643 943 2732 προςιζάνει
955 2645 1083 2730 σαποον’
1096 2651 1137 2731 (v.
1149 2650 1230 2712 ibid.

277 2804 309 2864 p.
331 2788 407 2863 596,
430 2784 459 2845 B
482 2785 540 2863 15).
588 2785 705 2866 Atque
738 2787 819 2847 alibi
849 2788 892 2866 (p.
914 2790 986 2863 625,
1008 2787 1037 2847 B
1058 2767 1231 2866 2o)¹idem

279 2905 399 2978 auctor
416 2917 463 2978 ait
481 2919 524 2980 de
543 2939 627 2999 ape:
650 2914 731 2997 ,πρὸς
752 2912 861 2998 σάρκα
886 2884 919 2977 δὲ
940 2913 1061 2992 οὐδενὸς
1082 2911 1231 2999 καθίζειὶ

278 3050 322 3111 Et
345 3052 439 3130 apud
464 3051 658 3113 Varronem
683 3052 756 3132 (ΙΙΙ,
779 3057 824 3126 16,
840 3058 868 3115 6.
884 3053 1002 3133 R.R.)
1032 3055 1119 3115 haec
1143 3054 1230 3135 legi-

278 3204 369 3245 mus:
395 3196 592 3265 ,sequuntur
610 3186 718 3267 (apes)
736 3187 850 3247 omnia
866 3207 970 3267 pura:
996 3187 1117 3267 Itaque
1139 3175 1236 3248 nulla*

278 3320 398 3380 harum
424 3319 546 3381 assidit
569 3320 602 3380 in
626 3319 703 3382 loco
727 3318 902 3400 inquinato
928 3328 986 3381 aut
1007 3340 1049 3381 eo
1067 3312 1124 3401 qui
1141 3321 1232 3383 male

279 3453 379 3526 oleat,
401 3473 514 3533 neque
532 3453 634 3514 etiam
653 3454 685 3514 in
704 3473 755 3527 e0,
777 3454 834 3535 qui
850 3455 941 3515 bona
958 3453 1028 3515 olet
1043 3462 1232 3534 unguenta.

278 3586 402 3667 Itaque
431 3586 484 3648 his
517 3596 641 3649 unctus
671 3587 729 3668 qui
761 3587 923 3659 accessit,
956 3599 1129 3669 pungunt,
1164 3609 1233 3650 non
