3014 4522
782 589 1020 650 *160*

473 761 574 826 Ὅταν
602 761 636 825 δὲ
662 766 710 844 τῷ
734 761 842 846 Πέρσῃ
871 759 1054 846 προςάγωσι
1085 761 1157 845 μέλι
1185 758 1227 841 ὡς
1254 762 1378 845 φύλακι

420 896 560 976 καρπῶν,
583 890 621 956 τὸ
643 891 841 976 φυλακτικὸν
863 889 895 956 ἐν
917 891 1068 978 συμβόλῳ
1090 893 1254 957 τίθενται]
1278 931 1317 939 -

489 1028 566 1111 Qua
595 1051 614 1092 e
644 1031 841 1094 coniectura
871 1030 1036 1112 colligere
1066 1031 1166 1094 nobis
1195 1032 1377 1107 nonlicet,

305 1154 307 1158 ¹
421 1166 499 1241 mel,
524 1167 617 1248 quod
633 1165 761 1247 Priapo
784 1164 958 1239 libaretur,
982 1166 1178 1248 symbolum
1198 1167 1377 1230 custodiae

421 1302 536 1363 fuisse.
569 1300 701 1362 Eodem
720 1298 793 1361 iure
815 1299 1010 1382 symbolum
1026 1299 1214 1381 voluptatis
1232 1300 1273 1381 (v.
1293 1301 1377 1363 Por-

422 1437 522 1518 phyr.
539 1435 561 1499 l.
574 1434 595 1496 l.
609 1432 729 1514 XVII)
754 1434 822 1496 mel
838 1435 905 1497 hoc
921 1435 999 1496 loco
1023 1431 1221 1515 significare
1244 1444 1376 1516 potest;

422 1570 503 1652 quia
526 1569 688 1651 Priapus,
712 1568 860 1631 Veneris
883 1566 988 1643 filius,
1019 1566 1170 1630 libidinis
1194 1569 1281 1631 deus
1303 1567 1378 1643 fuit,

420 1702 621 1784 Venerique
661 1711 776 1765 autem
815 1701 1005 1764 secundum
1044 1701 1293 1795 Empedoclem
1333 1703 1376 1784 (v,

421 1838 550 1901 Athen.
576 1837 702 1918 Deipn.
727 1835 813 1909 XH,
842 1856 875 1917 p.
894 1833 969 1918 510)
999 1830 1213 1920 ,ξανθῶν
1243 1828 1380 1910 σπονδὰς

421 1968 625 2052 μελίτων...
648 1964 679 2046 ἐς
700 1963 807 2045 οὖδας
834 1969 1035 2033 fundebant.
1084 1968 1157 2035 Sed
1181 1991 1259 2034 cum
1281 1972 1378 2034 Pria·

421 2128 487 2189 pus
522 2105 709 2188 praecipue
747 2107 832 2168 deus
867 2105 1052 2176 fertilitatis
1087 2106 1197 2168 omnis
1232 2118 1378 2170 naturae

422 2252 527 2316 esset,
568 2240 651 2315 mel,
691 2241 784 2321 quod
823 2239 855 2300 ei
893 2237 1071 2314 libaretur,
1112 2240 1307 2322 symbolum
1343 2251 1379 2302 et

422 2375 585 2437 silvarum
604 2383 640 2435 et
655 2391 819 2454 agrorum
840 2381 874 2434 et
890 2373 1067 2435 hortorum
1087 2373 1254 2436 ubertatis
1270 2372 1378 2436 fuisse

422 2508 669 2570 existimamus.
706 2504 819 2586 Quam
837 2505 1034 2586 opinionem
1051 2504 1256 2587 Calpurnius
1273 2504 1378 2569 etiam

422 2639 612 2714 confirmat,
630 2641 688 2722 qui
704 2639 868 2702 Palilibus
888 2637 1085 2702 memoratis
1107 2659 1243 2703 sacrum
1258 2639 1378 2722 Priapi

382 2800 387 2820 1
422 2796 499 2838 cum
525 2775 653 2837 Larum
678 2774 771 2836 cultu
794 2773 843 2836 ita
867 2773 1042 2855 componit
1066 2772 1149 2854 (Ecl.
1165 2772 1207 2849 II,
1225 2770 1297 2852 64):

468 2919 555 2993 ,Nos
586 2937 724 3000 quoque
759 2915 918 2998 pomiferi
949 2915 1098 2979 Laribus
1133 2917 1377 2982 consuevimus

1180 3049 1270 3113 horti

466 3188 605 3250 Mittere
629 3185 796 3266 primitias
821 3195 856 3248 et
877 3184 1011 3266 fingere
1033 3183 1104 3247 liba
1127 3183 1264 3266 Priap0,

465 3322 710 3401 Rorantesque
734 3317 834 3381 favos
859 3321 981 3382 damus
1006 3329 1041 3383 et
1062 3318 1230 3410 liquentia
1252 3319 1376 3384 mella!

488 3455 653 3517 Palilibus
683 3453 773 3516 enim
803 3453 1012 3535 supplicatio
1037 3474 1100 3535 pro
1124 3452 1301 3517 fertilitate
1325 3454 1377 3517 rei

421 3589 607 3671 pecuariae
621 3587 924 3669 agriculturaeque
936 3584 1051 3662 fiebat,
1069 3588 1293 3669 quamobrem
1305 3607 1376 3650 non
