3014 4522
754 599 994 663 *154⁴-

397 783 492 863 apud
509 778 708 862 Oppianum
731 783 889 864 legimus,
918 783 977 864 qui
1002 783 1183 866 (Cyneget.
1200 784 1260 859 IV,
1280 785 1355 866 271)

398 917 441 976 de
466 915 637 989 Aristan,
661 916 828 979 Macridis
852 926 952 999 patre
978 917 1040 979 ait:

439 1059 499 1137 ζΌς
520 1060 595 1124 τότε
616 1059 673 1123 καὶ
693 1062 837 1125 Διόνυσον
860 1057 902 1143 ἑῷ
921 1061 1063 1146 νεογιλδν
1085 1061 1135 1126 ὑπ’
1158 1059 1264 1147 ἄντρῳ

439 1189 543 1274 Ἰνώης
566 1189 683 1276 ἔθρεψε
706 1190 887 1273 δεδεγμένος
910 1188 948 1253 έν.
968 1191 1092 1275 χηλοῖο,

438 1319 497 1385 Σὺν
517 1319 645 1404 δμὺασιν
665 1321 690 1384 δ’
707 1315 841 1405 ἀτίτηλε
861 1321 1120 1405 μελίσσοκὸμοισί
1138 1344 1175 1386 τε
1200 1321 1354 1407 νίμφαις]

397 1464 487 1546 Quin
505 1469 609 1530 etiam
624 1490 728 1532 unam
749 1471 802 1532 his
825 1492 871 1533 ex
886 1471 1060 1553 nymphis,
1085 1492 1174 1553 quae
1206 1470 1355 1551 μελισσο-

395 1599 487 1681 utun
516 1605 744 1685 appellantur,
768 1604 946 1666 Melissam
965 1643 1004 1650 —
1029 1614 1123 1668 certe
1145 1605 1239 1667 illam
1260 1605 1354 1667 Iovis

396 1738 578 1811 nutricem,
614 1758 704 1818 quae
739 1748 923 1819 praeterea
959 1739 1198 1801 sacerdotibus
1229 1739 1354 1802 Matris

396 1871 549 1951 Magnae
584 1869 789 1952 Cererisque
823 1891 950 1933 nomen
986 1873 1082 1935 dedit
1110 1909 1151 1917 -
1183 1881 1219 1933 et
1252 1892 1354 1933 usum

395 2006 508 2068 mellis
531 2006 706 2068 invenisse
729 2017 764 2067 et
779 2026 867 2087 apes
889 2026 952 2068 suo
969 2027 1014 2068 ex
1030 2008 1167 2069 nomine
1197 2003 1354 2086 μελίσσας

396 2159 551 2214 vocasse,
575 2139 716 2201 Pindari
737 2140 908 2222 interpres
925 2160 1075 2221 graecus
1093 2141 1149 2221 (ad
1166 2141 1270 2224 Pyth.
1290 2142 1351 2217 IV,

400 2272 472 2353 104)
497 2274 544 2336 ita
566 2274 688 2337 tradit:

459 2403 616 2480 ,Μέλισσα
642 2404 737 2487 κηρία
764 2405 924 2486 μελισσῶν
956 2402 1092 2488 εὑροῦσα
1114 2405 1224 2490 πρώτη
1248 2404 1353 2490 ἔφαγε

393 2533 450 2597 καὶ
470 2532 564 2599 ὕδατι
586 2533 707 2621 μίξασα
731 2536 809 2618 (non
827 2557 904 2598 cum
922 2537 1019 2599 vino:
1037 2559 1068 2600 v.
1087 2558 1177 2620 supr.
1195 2532 1351 2620 νηφάλια)

394 2665 470 2745 ἔπιε,
498 2663 641 2746 καὶτὰς
668 2662 775 2744 ἄλλας
802 2665 924 2754 ἐδίδαξε
949 2666 1006 2731 καὶ
1031 2663 1075 2732 τὰ
1101 2665 1173 2755 ζῶα
1196 2667 1352 2750 μελίσσας

394 2794 428 2885 ἑξ
450 2794 566 2881 ἑαυτῆς
588 2794 744 2862 ἐκάλεσε]
767 2834 808 2843 -
832 2800 875 2883 (ν.
894 2810 937 2865 et.
957 2800 1060 2865 Alex.
1085 2804 1129 2864 ab
1145 2802 1252 2867 Alex.
1269 2823 1350 2885 gen.

395 2935 478 3000 dier.
495 2936 553 2998 lib.
572 2935 623 2997 IV
640 2956 668 2999 c.
688 2936 746 3017 17).
771 2971 814 2979 —

460 3069 583 3151 Itaque
614 3070 682 3132 iam
705 3069 879 3132 Homerus
908 3069 952 3130 de
982 3079 1080 3132 antro
1108 3069 1351 3152 Nympharum

393 3203 481 3264 haec
505 3213 676 3266 memorat
700 3202 840 3286 (Odyss.
857 3203 956 3277 XIII,
978 3202 1069 3282 104):

435 3348 519 3431 ,Ἱρὸν
541 3346 702 3433 νομφοίιον,
725 3344 758 3411 αἳ
779 3346 915 3432 Νηϊέιδες
936 3348 1119 3413 καλέονται.

435 3479 485 3540 Ἐν
508 3479 541 3541 δὲ
563 3479 717 3563 κρητῆρές
739 3477 855 3543 τεκαὶ
877 3472 1073 3562 ἀμφιφορῆες
1095 3476 1168 3542 ἔασι

434 3606 551 3685 Λάϊνοι,
574 3607 656 3672 ἔνθα
679 3610 703 3672 δ’
721 3607 828 3672 ἔπειτα
849 3606 1104 3693 τιθαιβώσσουσι
1125 3607 1295 3691 μέλισσαι]
