3014 4522
516 591 734 658 4⁴51«-

148 775 275 855 σημεῖον
304 772 483 859 (visionem
511 774 636 856 Bruti),
672 771 831 854 μελισσῶν
861 769 895 834 δέ
925 790 1019 855 φησιν
1048 769 1102 836 τὸν

147 910 270 991 πρῶτον
298 899 392 970 ἀετὸν
421 899 589 970 ἀνάπλεων
617 903 775 990 γενέσθαι
791 954 798 968 .
813 954 820 968 .
835 954 842 968 .
855 908 870 969 .'
901 945 945 953 —
975 907 1103 970 Brutus

148 1043 248 1118 enim,
272 1064 481 1127 quamquam
505 1042 597 1117 vicit,
625 1051 743 1105 tamen
766 1043 811 1104 ob
836 1039 936 1104 Cassi
960 1041 1103 1104 exitium

148 1198 312 1260 magnam
336 1178 503 1241 iacturam
526 1176 664 1258 accepit
688 1196 729 1239 ac
749 1177 853 1256 paulo
870 1186 950 1258 post
969 1176 1013 1238 ab
1030 1173 1103 1237 An-

148 1312 242 1375 tonio
265 1311 342 1393 ipse
363 1319 502 1394 quoque'
522 1309 728 1392 profligatus
753 1330 791 1373 se
816 1309 999 1373 interemit.
1017 1345 1058 1356 -

216 1446 374 1508 Examen
398 1445 515 1527 apium
539 1455 618 1508 ante
642 1464 798 1526 pugnam
823 1446 867 1507 ad
890 1443 1117 1507 Arbalonem¹

150 1580 369 1643 commissam
384 1578 421 1641 in
436 1579 560 1641 castris
572 1578 677 1640 Drusi
693 1578 823 1641 sedens
836 1598 939 1642 omen
953 1578 1104 1642 faustum

149 1713 256 1777 fuisse
280 1733 326 1776 ex
347 1711 457 1776 Plinio
482 1711 600 1794 colligi
619 1710 767 1775 fortasse
791 1721 916 1795 potest,
941 1711 969 1774 si
994 1711 1047 1795 (N.
1060 1712 1103 1775 H.

149 1847 213 1921 XI,
232 1847 281 1928 18)
306 1847 395 1911 haec
425 1847 499 1910 sola
522 1846 834 1936 verbaleguntur:
871 1843 1019 1921 ,Sedere
1045 1847 1103 1930 (sc.

150 1981 247 2064 apes)
272 1981 306 2044 in
326 1981 449 2046 castris
465 1979 571 2044 Drusi
594 1981 823 2063 imperatoris,
849 1999 927 2042 cum
943 1999 1104 2062 prosper-

149 2115 234 2178 rime
258 2125 452 2203 pugnatum
476 2116 570 2196 apud
594 2114 809 2178 Arbalonem
834 2111 900 2178 est'
914 2165 921 2178 .
936 2163 943 2177 .
958 2163 986 2178 ..
1031 2112 1104 2178 Sed

150 2251 238 2312 haec
255 2269 277 2311 a
293 2247 465 2313 communi
486 2247 657 2312 sententia
674 2248 902 2330 discrepasse,
924 2248 1106 2330 sequentia

150 2384 293 2448 docent:
317 2430 394 2458 .....
408 2382 677 2463 haudquaquam
694 2383 891 2464 aruspicum
907 2383 1106 2445 coniectura

151 2516 208 2599 qui
225 2517 335 2581 dirum
351 2517 387 2580 id
403 2526 577 2580 ostentum
595 2515 815 2581 existimant'.
851 2518 973 2598 Itaque
995 2537 1042 2578 ex
1064 2536 1106 2578 eo

151 2651 227 2714 loco
251 2671 337 2735 apes
363 2652 456 2734 apud
481 2662 621 2715 veteres
645 2671 746 2715 omen
769 2651 919 2716 faustum
943 2650 1106 2714 militibus

152 2783 258 2848 fuisse
281 2783 500 2849 ratiocinanti
527 2785 693 2868 colligere
716 2806 785 2849 non
812 2786 902 2848 licet.
946 2784 1025 2847 Huc
1049 2805 1106 2847 ac·

152 2919 254 2993 cedit,
289 2919 383 3002 quod
410 2918 542 2982 Plinius
576 2930 711 3000 partem
747 2928 880 2981 tantum
914 2939 1029 2982 rerum
1059 2919 1107 2981 ibi

152 3063 331 3135 gestarum
358 3052 473 3117 refert.
520 3053 610 3116 Nam
634 3053 799 3127 Drusum,
827 3052 893 3116 etsi
916 3053 950 3116 in
973 3053 1107 3134 proelio

152 3188 197 3249 ad
209 3187 389 3270 Visurgim
406 3189 463 3271 (ad
481 3207 584 3270 quem
599 3185 732 3248 Arbalo
750 3187 816 3248 sita
831 3185 906 3268 fuit)
923 3186 1106 3250 commisso

153 3319 345 3384 Germanos
369 3322 556 3404 superavit,
580 3330 697 3382 tamen
721 3319 754 3382 in
780 3341 949 3383 summum
971 3322 1106 3403 pericu·

152 3456 221 3517 lum
254 3457 443 3520 adductum
472 3456 663 3538 permultos
696 3454 821 3517 milites
853 3455 1010 3518 amisisse
1038 3455 1106 3518 Dio

153 3589 292 3653 Cassius
315 3591 363 3653 ita
386 3593 486 3654 nobis
511 3592 701 3673 explicavit
725 3592 828 3674 (LIV,
847 3593 917 3673 33):
945 3588 1106 3672 ....,δώβη

912 3697 947 3760 4*
