3014 4522
647 612 865 674 *37*

277 813 307 856 a.
327 790 406 855 Chr.
424 811 456 854 n.
492 809 582 853 anno
618 788 652 851 in
683 791 902 874 tyrannidem
932 788 1232 873 Syracusanorum

277 922 450 997 ascendit;
475 944 579 1006 quam
595 935 761 989 mutatam
783 925 896 987 subito
917 923 1090 987 fortunam
1114 925 1231 1006 apium

276 1078 427 1121 examen
443 1057 476 1121 ei
492 1058 734 1140 pronuntiasse
746 1058 868 1123 Cicero
886 1079 932 1122 ex
947 1059 1101 1133 Philisto,
1118 1079 1231 1121 rerum

277 1190 576 1275 Syracusanarum
601 1190 779 1274 scriptore,
804 1191 880 1254 aliis
905 1192 1073 1255 similibus
1097 1192 1231 1256 coniec-

276 1326 361 1389 turis
384 1325 512 1401 relatis
536 1325 585 1389 ita
608 1337 725 1390 narrat
747 1326 791 1407 (d.
808 1324 912 1388 divin.
929 1325 955 1405 I,
973 1324 1043 1406 33):

344 1474 468 1550 ,Facta
506 1473 706 1538 coniectura
744 1474 848 1537 etiam
887 1475 921 1538 in
960 1474 1130 1558 Dionysio
1170 1484 1232 1551 est,

275 1609 394 1691 paullo
424 1618 505 1671 ante
528 1628 633 1690 quam
655 1628 806 1690 regnare
831 1607 955 1690 coepit,
985 1609 1043 1691 qui
1067 1627 1145 1670 cum
1168 1628 1233 1689 per

276 1763 400 1826 agrum
428 1741 636 1806 Leontinum
666 1742 730 1804 iter
758 1741 889 1806 faciens
922 1762 1048 1825 equum
1072 1741 1148 1823 ipse
1172 1743 1232 1803 de·

275 1877 428 1941 misisset
448 1879 483 1939 in
498 1874 636 1950 flumen,
661 1877 862 1939 submersus
879 1896 989 1958 equus
1005 1874 1232 1958 voraginibus

275 2031 345 2074 non
361 2010 511 2075 exstitit:
534 2030 637 2092 quem
661 2031 738 2073 cum
760 2012 913 2074 maxima
929 2011 1149 2075 contentione
1164 2031 1233 2074 non

275 2145 448 2228 potuisset
476 2145 677 2219 extrahere,
706 2144 883 2219 discessit,
917 2155 955 2209 ut
981 2146 1030 2208 ait
1056 2144 1233 2221 Philistus,

275 2300 383 2362 aegre
417 2277 542 2342 ferens.
600 2277 686 2342 Cum
720 2287 836 2342 autem
871 2278 1118 2362 aliquantulum
1153 2300 1232 2362 pro-

275 2433 420 2498 gressus
456 2419 562 2488 esset,
601 2412 715 2477 subito
746 2397 928 2476 exaudivit
957 2412 1139 2488 hinnitum,
1179 2434 1232 2477 re·

277 2547 462 2631 spexitque
497 2558 533 2611 et
561 2567 687 2629 equum
722 2547 874 2609 alacrem
905 2547 1019 2609 laetus
1051 2547 1231 2629 adspexit;

276 2679 373 2745 cuius
402 2681 437 2744 in
459 2681 541 2745 iuba
564 2700 713 2744 examen
737 2700 842 2762 apum
866 2681 1082 2744 consederat,
1130 2679 1232 2761 Quod

154 2853 163 2870 ·
277 2826 449 2880 ostentum
472 2815 594 2879 habuit
617 2815 708 2878 hanc
731 2813 811 2889 vim,
838 2824 876 2877 ut
898 2813 1088 2897 Dionysius
1111 2815 1233 2895 paucis

276 2959 357 3031 post
380 2949 503 3012 diebus
525 2949 676 3032 regnare
701 2950 877 3031 coeperit!

341 3083 473 3147 Plinius
489 3103 627 3167 quoque
651 3084 704 3166 (Ν.
718 3083 762 3151 Η.
776 3082 871 3157 VIII,
885 3082 938 3163 64)
962 3081 1064 3145 huius
1085 3094 1231 3147 eventus

275 3218 395 3302 gravis
419 3217 628 3281 mentionem
652 3216 744 3282 facit.
784 3216 830 3280 Et
852 3215 1021 3279 Aelianus
1045 3216 1159 3280 eidem
1183 3217 1232 3280 rei

278 3353 489 3436 explanatae
504 3353 593 3415 haec
617 3350 714 3415 addit
731 3351 824 3435 (Var.
841 3350 918 3414 hist.
936 3350 1018 3427 XII,
1032 3350 1102 3433 ⁶4)ss
1126 3347 1233 3432 ,Ἔφα-

277 3505 339 3548 σαν
354 3483 405 3549 οὖν
420 3483 449 3548 oi
468 3483 640 3548 Γαλεῶται
657 3481 731 3566 πρὸς
751 3480 805 3547 τὸν
820 3479 975 3547 Διονύσιον
996 3480 1138 3565 ἐρόμενον
1158 3478 1233 3566 ὑπὲρ

276 3613 408 3692 τούτων,
430 3613 479 3679 ὅτι
499 3619 609 3678 ταῦτα
631 3613 808 3698 μοναρχίαν
829 3613 941 3697 δηλῶ.
965 3650 1005 3658 -
