3014 4522
525 620 766 682 *169*

167 798 286 861 tudine
322 809 359 860 ut
393 799 507 862 in...
537 796 744 862 Germania.’
801 796 920 880 Atque
955 797 1120 860 Horatius

168 932 355 996 Tarentum
379 933 427 994 ita
450 923 569 995 laudat
593 930 860 1013 (Od.11,o,13):

308 1067 385 1141 ‚Ille
409 1078 579 1129 terrarum
602 1065 685 1129 mihi
707 1076 847 1148 praeter
870 1065 980 1128 omnis

309 1201 456 1282 angulus
480 1201 577 1274 ridet,
601 1201 661 1263 ubi
683 1219 751 1263 non
774 1199 943 1284 Hymetto

306 1336 409 1397 mella
435 1335 649 1397 decedunt..
666 1331 684 1398 .’

166 1469 209 1550 (ν.
229 1468 333 1530 Alex.
351 1471 395 1531 ab
413 1469 517 1532 Alex.
535 1489 614 1550 gen.
634 1469 717 1530 dier.
734 1466 841 1542 lib.V,
861 1467 922 1543 21).
939 1503 982 1512 —
998 1467 1119 1529 Varia·
1138 1473 1141 1484 ’

164 1624 240 1665 rum
264 1603 371 1684 igitur
393 1614 562 1666 terrarum
586 1603 655 1664 mel
679 1602 844 1664 eximium
868 1620 945 1664 esse
962 1609 1119 1682 putatum

166 1748 228 1812 est,
253 1757 396 1820 quarum
420 1737 454 1798 in
478 1736 625 1798 nummis
649 1755 752 1817 apem
772 1754 840 1797 non
856 1735 1023 1800 videmus
1063 1735 1120 1796 Ac

165 1882 304 1934 veteres
343 1868 632 1953 significationem
672 1869 898 1952 symbolicam
937 1869 1013 1950 apis
1052 1868 1119 1932 alio

166 2004 413 2086 subtilioraque
449 2005 552 2066 modo
586 2002 803 2084 interpretati
838 1977 916 2065 esse
948 2002 1116 2067 videntur.

164 2138 236 2200 Eas
262 2136 412 2201 fortasse
442 2138 487 2199 ob
518 2157 642 2200 causas
666 2137 854 2201 Eekhelius
885 2137 961 2218 (ll.)
985 2138 1117 2220 pergit:

162 2320 185 2346 ‚.
202 2271 371 2335 ..Narrat
394 2273 578 2353 praeterea
598 2273 829 2336 Philostratus
856 2275 898 2353 (v.
916 2274 937 2334 l.
955 2293 1060 2354 supra
1075 2272 1118 2354 1.),

163 2426 242 2468 cum
265 2405 501 2468 Athenienses
530 2406 699 2468 coloniam
728 2407 763 2469 in
787 2406 918 2469 Ioniam
942 2409 1118 2480 ducerent,

163 2539 284 2602 Musas
305 2560 410 2621 apum
431 2541 549 2621 specie
572 2560 708 2602 cursum
729 2539 880 2604 rexisse?
924 2541 980 2604 Ac
1001 2539 1117 2622 Stieg·

163 2674 275 2735 litzius
304 2673 740 2757 (Arch.Unters.II‚1o5)
772 2695 875 2757 apem
903 2695 1117 2738 nummorum

161 2806 429 2870 Atheniensium
464 2810 509 2870 ad
539 2809 714 2871 Eleusinia
751 2829 855 2892 quam
887 2810 931 2872 ad
959 2809 1119 2892 Hymetti

163 2942 359 3004 ubertatem
393 2941 522 3004 referre
555 2944 694 3007 maluit:
732 2945 884 3006 maxima
916 2944 950 3006 id
980 2943 1118 3025 quidem

163 3075 414 3156 interpretandi
455 3076 603 3140 lieentia.
661 3078 836 3141 Eleusinia
876 3078 965 3140 enim
1002 3075 1118 3141 Cereri

163 3228 264 3271 sacra
286 3207 393 3272 fuisse
418 3212 512 3272 haud
534 3210 692 3292 ignotum
717 3221 779 3275 est.
806 3249 845 3256 -

231 3342 311 3404 Alia
340 3364 424 3406 vero
455 3344 586 3407 ratione
621 3344 696 3427 apis
726 3346 881 3427 Apollini
914 3367 1014 3409 saera
1043 3346 1116 3410 fuit.

161 3477 203 3539 Id
228 3479 321 3558 quod
345 3477 413 3539 iam
438 3500 484 3540 ex
509 3481 602 3542 cultu
619 3477 719 3554 Solis,
744 3480 982 3543 Romanorum
1006 3479 1115 3563 Apol-

160 3610 239 3672 linis
259 3613 300 3690 (ν.
315 3611 385 3673 Cic.
400 3614 444 3673 de
461 3623 530 3675 nat.
545 3616 638 3677 deor.
656 3614 717 3686 ΙΙΙ,
738 3636 776 3676 20
800 3614 869 3697 [5¹]
891 3635 924 3696 p.
943 3614 1006 3695 69),
1022 3614 1115 3677 colli·
