3014 4522
646 545 863 606 amur-

279 724 360 786 ciati
381 745 402 786 a
422 722 622 786 custodibus
645 722 830 786 draconem
852 724 1128 785 animadversum
1153 744 1230 785 esse

277 866 395 920 narrat
420 867 455 921 et
479 856 575 919 addit
599 855 701 938 (Agis
725 867 760 920 et
784 856 912 920 Cleom.
933 856 1002 938 39)ss

342 1005 394 1084 ,Οἱ
416 1004 450 1069 δὲ
472 1004 676 1093 Ἀλεξανδρεῖς
702 1006 760 1071 καὶ
785 1006 970 1090 προέτρεπον
991 1011 1161 1089 φοιτῶντες
1183 1004 1232 1070 ἐπὶ
1328 1053 1334 1066 .

278 1135 332 1201 τόν
352 1135 454 1212 τόπον,
474 1133 566 1219 ἥρωα
585 1135 638 1201 τόν
653 1134 832 1220 Κλεομένην
847 1134 904 1198 καὶ
917 1136 1003 1198 θεων
1023 1136 1121 1199 παῖδα
1143 1157 1231 1219 προς-

279 1265 500 1350 αγορεόοντες·
527 1261 605 1350 ἄχρι
633 1263 669 1330 οὗ
694 1264 906 1329 κατέπαυσαν
933 1264 1048 1343 αὐτοὺς
1076 1267 1104 1329 οἰ
1126 1266 1231 1349 σοφω-

278 1416 375 1478 τεροι,
403 1394 536 1474 διδόντες
557 1396 662 1479 λόγον,
690 1390 732 1473 ὡς
754 1395 907 1478 μελίττας
929 1381 987 1477 μὲν
1005 1393 1081 1481 βόες,
1103 1402 1231 1480 σφῆκας

279 1524 314 1588 δὲ
332 1521 417 1589 ἵπποι
437 1525 680 1602 κατασαπέντες
706 1520 890 1612 ἐξανθοῦσι,
918 1521 1076 1609 κάνθαροι
1098 1523 1132 1588 δὲ
1153 1524 1230 1589 όνων

276 1654 314 1719 τό
337 1654 417 1720 αὐτὸ
438 1653 610 1720 παθόντων
635 1654 876 1741 ζωογονοῦνται.
917 1654 968 1719 Τὰ
990 1657 1023 1720 δὲ
1045 1652 1230 1741 ἀνθρώπινα

277 1784 432 1867 σώματα,
462 1789 527 1848 των
553 1783 619 1868 περὶ
640 1784 695 1849 τόν
717 1785 832 1867 μυελόν
853 1785 981 1871 ἰχώρων
1003 1786 1137 1872 συρροήν
1158 1808 1230 1851 τινα

276 1914 334 1978 καὶ
360 1914 517 1978 σύστασιν
544 1910 576 1977 έν
603 1910 726 1993 ἑαυτοῖς
747 1912 921 1999 λαβόντων,
944 1914 1028 1998 όρεις
1050 1911 1228 1980 ἀναδίδωσι

276 2043 334 2107 καὶ
354 2050 451 2107 τοῦτο
473 2041 655 2122 κατιδόντες
677 2041 706 2108 οἱ
726 2044 859 2109 παλαιοὶ
884 2042 1029 2128 μάλιστα
1051 2051 1116 2109 των
1138 2046 1229 2133 ζῴων

276 2173 330 2240 τόν
353 2171 514 2257 δράκοντα
535 2178 599 2252 τοῖς
620 2170 721 2258 ἥρωσι
743 2175 984 2239 συνωκεὶωσαν.’
1068 2224 1070 2228 .
1161 2213 1163 2216 -

345 2323 544 2388 Secundum
586 2325 772 2388 Aelianum
814 2347 952 2408 quoque
991 2327 1046 2409 (Α.
1059 2328 1100 2390 Ν.
1125 2329 1153 2403 Ι,
1178 2330 1229 2412 28)

276 2483 407 2543 vespae
430 2482 477 2523 ex
499 2460 596 2542 equis
619 2471 778 2523 crescunt
800 2470 835 2522 et
849 2481 962 2541 nepae
979 2482 1021 2522 ex
1039 2462 1229 2538 crocodilis,

277 2617 367 2678 quae
403 2594 575 2658 sententia
610 2615 656 2655 ex
691 2593 867 2656 Archelao
904 2595 946 2677 (v.
973 2595 1139 2677 Antigon.
1165 2568 1256 2659 cas

275 2739 360 2814 ryst.
381 2729 431 2810 23)
456 2730 583 2791 hausta
605 2728 742 2790 videtur
765 2747 852 2790 esse.
876 2763 918 2773 —

343 2864 451 2927 Ratio
476 2872 607 2937 autem,
639 2883 728 2944 quae
757 2882 843 2943 apes
872 2881 918 2922 ex
943 2863 1143 2943 corporibus
1167 2864 1228 2926 bu·

274 3000 364 3062 bulis
385 2996 588 3080 putrefactis
614 2997 753 3059 evolare
770 2997 882 3070 docet,
907 3017 953 3058 ex
973 2995 1155 3079 Aegypto
1179 2998 1228 3060 fe-

275 3133 347 3196 raci
362 3133 420 3195 illa
436 3131 677 3193 miraculorum
693 3139 795 3204 terra,
812 3090 970 3210 profecta
987 3140 1048 3193 est.
1080 3129 1228 3213 Antigo-

274 3288 340 3331 nus
357 3267 447 3330 enim
464 3265 653 3360 Carystius,
677 3265 735 3346 qui
752 3265 844 3327 circa
860 3265 1132 3327 ducentesimum
1150 3287 1227 3347 sep-

275 3401 507 3483 tuagesimum
518 3415 522 3425 ·
532 3421 560 3463 a.
574 3398 651 3463 Chr.
665 3420 697 3463 n.
723 3420 848 3461 annum
861 3398 983 3472 floruit,
1007 3400 1098 3461 hunc
1114 3400 1227 3463 locum

274 3534 435 3596 Philetae
462 3532 524 3596 Coi
561 3536 604 3616 (v.
627 3543 670 3596 et.
693 3533 831 3615 Fragm.
853 3532 976 3596 Philet.
1000 3536 1053 3597 ed.
1076 3534 1226 3618 Kayser,
