3014 4522
651 593 848 655 *a*

275 769 305 830 si
333 767 592 839 ‚Hierozoicon’
621 769 744 832 librum
768 770 933 836 Bocharti
957 773 1140 844 intuemur,
1169 772 1229 834 ubi

277 915 397 965 auctor
420 903 637 966 acutissimus
660 905 749 967 hanc
773 906 953 968 materiam
977 908 1130 969 maxima
1151 925 1228 968 cum

277 1037 468 1100 eruditione
491 1047 691 1120 pertractat.
736 1038 813 1120 Qua
837 1040 871 1101 in
896 1041 1137 1103 dissertatione
1160 1043 1229 1102 hoc

275 1173 386 1234 solum
410 1173 509 1235 nobis
537 1175 719 1236 molestum
745 1185 828 1249 erat,
853 1177 945 1256 quod
969 1177 997 1237 is
1022 1196 1169 1257 quoque,
1193 1184 1229 1236 ut

275 1307 432 1389 plerique
451 1307 541 1370 illius
564 1307 688 1370 aetatis
705 1308 770 1370 viri
787 1309 889 1382 docti,
912 1311 1009 1372 locos
1032 1307 1229 1371 memoriter

277 1450 311 1503 et
335 1461 442 1523 saepe
464 1441 559 1503 haud
583 1451 746 1505 accurate
771 1443 893 1505 attulit.

343 1575 398 1636 Ex
413 1574 454 1637 iis
468 1575 627 1656 denique,
641 1576 700 1656 qui
715 1588 833 1639 nostro
850 1577 991 1639 saeculo
1005 1577 1057 1638 his
1069 1578 1112 1638 de
1125 1578 1229 1638 rebus

247 1682 249 1687 ,
276 1709 501 1791 scripserunt,
532 1710 721 1773 Creuzerus
753 1709 977 1794 (‚Symbolik'
1006 1711 1054 1783 II,
1076 1714 1137 1788 538
1153 1729 1227 1790 sqq.

275 1841 335 1915 IV,
362 1861 423 1921 347
438 1863 512 1924 sqq.
549 1831 613 1906 etc.
650 1845 703 1907 ed.
728 1844 787 1907 III.
817 1842 1228 1922 A⁰MDCCCXXXVH)

275 1987 311 2039 et
337 1975 395 2040 W.
422 1976 612 2040 Menzelius
649 1979 947 2062 (Mythologische
977 1980 1229 2057 Forschungen

275 2110 345 2172 und
382 2108 652 2193 Sammlungen:
698 2114 966 2195 ,Monographie
1003 2115 1065 2174 der
1099 2109 1227 2173 Biene’.

276 2244 324 2306 Αο
338 2244 616 2328 MDCCCXLII)
640 2257 674 2310 et
690 2248 964 2329 Magerstedtius
986 2247 1065 2327 (Die
1082 2247 1227 2307 Bienen-

275 2379 377 2441 zueht
401 2380 463 2441 der
486 2379 619 2442 Volker
649 2383 710 2443 des
735 2381 953 2444 Alterthums
981 2381 1228 2442 insbesondere

277 2512 338 2572 der
368 2511 510 2573 Romer.
555 2511 604 2573 ΑΟ
623 2511 840 2594 MDCCCLI)
876 2513 1101 2595 praedicandi
1137 2523 1228 2584 sunt;

277 2666 485 2728 quamquam
507 2646 607 2708 nobis
628 2649 821 2710 cavendum
846 2649 919 2723 erit,
943 2669 996 2722 ne,
1020 2658 1057 2710 ut
1080 2647 1127 2708 illi
1154 2667 1229 2708 sae·

276 2781 363 2861 pius
393 2781 542 2843 alienum
567 2802 588 2843 a
611 2782 787 2857 veteribus
811 2783 950 2864 populis
975 2803 1114 2844 sensum
1137 2802 1228 2864 sym·

276 2914 364 2976 bolis
388 2934 633 2996 supponamus.
660 2953 696 2962 -

343 3048 521 3127 Fontibus
544 3070 563 3111 e
581 3050 706 3131 quibus
722 3051 909 3124 hausimus,
927 3051 1078 3113 lustratis
1095 3051 1140 3112 ad
1156 3069 1229 3111 rem

277 3183 389 3265 ipsam
412 3184 557 3265 propius
581 3185 800 3247 accedamus,

345 3314 438 3379 Satis
463 3326 598 3379 constat
625 3318 713 3380 inter
737 3338 865 3391 omnes
895 3319 1052 3381 homines
1076 3319 1120 3379 ab
1145 3317 1229 3379 anti-

279 3450 450 3532 quissimis
481 3452 696 3533 temporibus
720 3453 837 3534 apium
862 3454 1016 3515 culturae
1041 3452 1230 3525 studuisse;

279 3605 392 3668 neque
411 3586 560 3660 dubium,
586 3587 667 3668 quin
691 3587 727 3649 id
750 3586 895 3650 fecerint
918 3588 1023 3668 prius,
1048 3607 1151 3668 quam
1173 3586 1232 3666 api
