3014 4522
742 589 983 653 *112*

452 767 496 829 Et
524 766 748 830 Dioscorides
784 770 829 830 ad
855 779 999 840 terram,
1036 767 1092 830 eui
1117 767 1337 831 Machaontis

385 903 511 983 poetae
530 922 611 965 ossa
628 902 834 983 accipienda
849 909 948 965 erant
965 900 1117 985 (AnthoL
1135 902 1246 966 Palat.
1259 900 1337 976 VII,

389 1035 462 1118 708)
486 1037 575 1100 haec
599 1037 698 1099 dicit:

427 1197 473 1276 ,ού
489 1194 555 1283 γὰρ
571 1198 654 1283 {KQ
674 1204 805 1283 κηφῆνα
824 1199 1053 1282 ταλίμτλυτον,
1073 1195 1164 1264 ἀλλά
1178 1220 1210 1262 τι
1223 1197 1339 1283 τέχνης,

470 1324 556 1416 ἄξιον
572 1324 710 1414 ἀρχαίης
723 1326 871 1414 λείψανον
887 1333 919 1415 (ἱ.
933 1354 962 1396 e.
980 1353 1084 1415 apem
1100 1329 1299 1413 sedulam)’.
1311 1379 1338 1394 ..

454 1494 513 1560 Sic
548 1498 652 1559 etiam
684 1499 728 1559 de
761 1498 959 1580 eloquentia
986 1495 1247 1577 XenophontiS,
1282 1492 1340 1575 qui

387 1642 576 1711 propterea
600 1633 648 1714 (ut
665 1630 792 1694 Suidas
813 1632 919 1695 tradit
943 1653 968 1694 s
982 1631 1025 1713 n.)
1048 1624 1181 1710 Ἀττικὴ
1203 1623 1339 1708 μέλιττα

387 1758 626 1847 ἐπωνομάζετο,
660 1765 782 1830 Cicero
807 1768 854 1831 ait
878 1768 920 1850 (v,
938 1767 1073 1831 Orator.
1092 1787 1120 1829 c.
1138 1788 1175 1846 ¹9
1193 1765 1238 1846 [V.
1256 1763 1338 1825 ibid.

388 1919 417 1963 c·
435 1899 499 1981 o])=

412 2059 671 2141 ,Xenophontis
687 2081 774 2123 voce
785 2060 906 2123 Musas
922 2060 1021 2142 quasi
1035 2060 1170 2123 locutas
1186 2055 1318 2122 ferunt.’

390 2195 431 2257 Id
455 2195 547 2276 quod
563 2191 791 2274 Quintilianus
816 2195 930 2274 (instit.
947 2195 995 2269 X,
1017 2216 1042 2268 1,
1060 2215 1111 2273 33.
1129 2191 1182 2272 82)
1205 2190 1341 2275 repetit,

389 2329 566 2391 Himerius
583 2327 750 2410 Sophista
774 2337 890 2392 autem
908 2329 975 2391 hoc
999 2330 1103 2391 modo
1126 2327 1247 2390 florido
1270 2326 1341 2388 lon·

390 2464 469 2545 gius
493 2464 641 2526 illustrat
665 2466 762 2546 (orat.
775 2462 872 2538 VIII,
890 2463 938 2545 6):

453 2631 653 2714 ,Ξενοφῶντα
667 2630 804 2714 κατέχει
817 2631 923 2714 λόγος,
942 2630 996 2693 τὸν
1010 2625 1144 2714 ἥδιστον,
1163 2626 1216 2692 τὸν
1236 2627 1343 2710 μελισ-

391 2765 455 2823 σιῐιν
472 2759 576 2844 σμήνη
590 2759 841 2844 ταμαδραμύντα
860 2762 908 2841 τῷ
927 2760 1018 2843 λόγῳ
1038 2756 1148 2822 καὶτὸ
1167 2755 1239 2838 μέλι
1252 2753 1344 2841 βρύον

390 2894 430 2972 τῇ
445 2890 589 2974 διηγήσει
604 2889 795 2973 μιμούμενον,
816 2887 861 2973 μὴ
875 2889 965 2972 φίλον
981 2888 1064 2973 ἔχειν
1080 2888 1121 2966 εἰς
1134 2883 1223 2974 τάξιν
1237 2885 1344 2949 Ἀλκι-

391 3016 518 3103 βιάδην]
534 3057 576 3065 -

458 3170 515 3234 Ac
527 3178 674 3233 mortem
684 3169 803 3233 Bionis
811 3169 978 3232 Moschus
990 3170 1039 3232 ita
1049 3170 1208 3251 deplorat
1221 3167 1262 3248 (v.
1273 3166 1343 3248 33):

434 3318 566 3399 ,Μάλιον
581 3319 640 3385 ούκ
655 3317 781 3405 ἒρῥευσε
795 3318 897 3383 καλὸν
908 3314 1041 3403 γλάγος,
1057 3316 1093 3381 ού
1105 3316 1177 3402 μὲλι
1191 3312 1344 3400 σίμβλων·

434 3447 591 3513 Κάτύανε
613 3450 638 3514 δ’
654 3448 686 3514 ἐν
707 3452 796 3535 κηρῷ
815 3448 1018 3532 λυπούμενον·
1040 3446 1146 3511 ούιεὲτι
1164 3441 1228 3530 γὰρ
1251 3444 1303 3522 δεῖ,

435 3580 489 3642 'Iro
517 3579 642 3661 μέλιτος
664 3588 711 3646 τιῑ)
739 3587 787 3646 ori>
809 3578 1007 3658 τεθνακύτος
1033 3577 1113 3643 αὐτὸ
1139 3574 1345 3660 τρυγᾶσθαι]
