3014 4522
755 605 996 668 *142*

400 782 458 844 ubi
490 784 534 844 de
568 778 735 861 pelicem
768 784 904 865 scrips.‚
928 785 992 846 loc.
1017 785 1108 847 laud.
1132 785 1278 848 Theocr.
1302 785 1351 848 Id.

400 915 482 991 XV,
500 915 563 998 94l·
582 953 621 962 -

467 1048 580 1131 Quam
617 1051 733 1133 apium
769 1060 804 1113 et
839 1050 950 1113 mellis
978 1050 1165 1133 ancipitem
1195 1061 1354 1114 naturam

401 1185 628 1268 symbolicam
641 1185 674 1247 in
687 1185 896 1267 Proserpina
909 1185 986 1266 ipsa
997 1185 1200 1248 invenimus,
1225 1181 1354 1264 Quam-

400 1321 519 1382 obrem
537 1320 606 1380 mel
622 1319 710 1381 deae
727 1318 775 1381 illi
792 1329 913 1401 aptum
935 1317 1143 1383 sacrificium
1163 1339 1242 1382 esse
1258 1318 1354 1382 vide-

398 1453 510 1516 batur.
557 1452 666 1534 Apud
691 1450 813 1516 Silium
841 1453 932 1516 enim
961 1451 1074 1536 (XIII,
1090 1452 1166 1535 429)
1189 1451 1354 1515 Autonoe

401 1586 460 1649 illa
484 1587 549 1649 ait:

445 1728 554 1803 ,Ante
581 1750 701 1792 omnes
728 1741 848 1793 taurus
871 1730 948 1812 regi
971 1738 1044 1793 tum
1067 1728 1228 1812 proxima
1251 1728 1355 1791 divae

444 1862 609 1927 Caeditur
631 1863 823 1927 Hennaeae
848 1872 946 1927 casta
970 1862 1108 1927 cervice
1132 1863 1290 1925 iuvenca.

443 1998 529 2060 Inde
542 1998 613 2072 tibi,
630 1997 780 2073 Allect0,
797 1998 868 2072 tibi,
881 2018 1056 2080 nunquam
1068 1999 1161 2062 laeta
1173 1996 1353 2079 Megaera,

444 2131 597 2213 Corpore
610 2131 804 2214 lanigerum
817 2133 1048 2214 procumbunt
1060 2132 1153 2195 lecta
1164 2131 1354 2194 bidentum.

446 2233 614 2344 Fundunt
633 2266 738 2328 mella
761 2285 874 2348 super,
899 2264 1100 2347 Bacchique
1125 2274 1160 2327 et
1182 2263 1283 2329 lactis

1035 2396 1225 2463 honorem’

399 2536 500 2620 Quod
518 2556 654 2598 sacrum
671 2537 717 2598 ad
733 2533 873 2597 Allecto
889 2532 1164 2614 Megaeramque
1184 2550 1254 2594 non
1276 2552 1354 2614 per-

397 2671 508 2732 tinere
541 2667 850 2731 Drakenborehius
884 2667 952 2729 iam
984 2667 1039 2729 his
1067 2666 1189 2748 paucis
1219 2664 1354 2730 docuit:

399 2823 510 2879 ‚sacra
528 2803 618 2866 enim
635 2803 770 2865 illarum
787 2804 932 2865 dearum
947 2800 1113 2882 nephalia
1134 2808 1241 2875 erant,
1261 2802 1355 2864 unde

398 2936 569 3018 Erinnyas
603 2927 748 3011 „finimur
777 2929 882 3010 θεάς”
917 2943 1044 2997 vocant
1071 2930 1198 2998 Graeci
1234 2937 1277 3018 (v,
1299 2955 1353 2998 en.

400 3069 508 3152 Soph.
528 3070 568 3135 O.
586 3068 622 3133 C.
642 3071 723 3152 100).

465 3202 585 3286 Atque
612 3205 735 3266 umbra
762 3202 1040 3286 Clytemnestrae
1070 3169 1165 3283 apud
1191 3200 1355 3285 Aeschy-

397 3338 468 3398 lum
499 3337 690 3417 (Eumenid.
718 3339 789 3419 106)
814 3337 938 3399 Furias
962 3337 1029 3399 hoc
1052 3335 1156 3399 modo
1180 3335 1355 3419 appellat:

499 3468 547 3545 ,Ἠ
568 3462 677 3531 πολλὰ
699 3466 755 3550 μὲν
777 3466 816 3551 δὴ
838 3471 904 3530 τῶν
926 3463 1009 3550 ἐμῶν
1031 3461 1175 3554 ἐλείξατε

499 3595 584 3676 Χοάς
606 3601 635 3659 τ’
658 3592 787 3676 ἀοίνους,
809 3594 953 3682 νηφάλια
974 3596 1182 3682 μειλίγματα,
