3014 4522
766 597 1005 658 *116⁴-

473 774 596 855 Itaque
611 774 749 837 Phocas
769 773 1016 855 grammaticus
1033 772 1079 834 de
1090 771 1249 854 Vergilio
1269 773 1357 836 haec

408 918 654 971 commemorat
688 908 732 989 (v.
756 927 794 985 25
820 907 880 970 vit.
902 906 1036 988 Vergil.
1065 926 1121 988 ap.
1147 904 1356 972 Reiffersch.

407 1037 548 1104 Suetom
565 1063 599 1123 p.
617 1040 778 1122 68—72):

452 1175 662 1250 ,Praeterea
686 1175 715 1238 si
730 1195 815 1238 vera
830 1173 928 1249 fides,
949 1174 1013 1237 sed
1032 1193 1118 1236 vera
1137 1174 1313 1256 probatur,

451 1309 540 1371 Lata
563 1311 688 1372 cohors
711 1310 827 1391 apium
849 1309 963 1372 subito
983 1328 1047 1389 per
1067 1327 1147 1370 rura
1167 1306 1313 1371 iacentis

450 1443 568 1506 Labra
591 1443 681 1506 favis
705 1445 794 1507 texit
817 1445 937 1506 dulces
960 1442 1079 1505 fusura
1100 1442 1268 1524 loquelas,

449 1576 526 1640 Hoc
547 1579 721 1659 quondam
741 1578 775 1640 in
797 1598 897 1642 sacro
917 1586 1051 1641 tantum
1072 1576 1196 1641 mirata
1211 1578 1357 1642 Platone

450 1710 619 1774 Iudicium
639 1712 780 1794 linguae
801 1723 970 1776 memorat
986 1712 1121 1775 famosa
1135 1709 1312 1776 vetustas?

405 1841 517 1924 Quam
548 1844 700 1909 fabulam
731 1847 869 1910 Phocas
902 1856 961 1910 aut
990 1846 1066 1927 ipse
1096 1843 1197 1908 finxit
1224 1854 1284 1908 aut
1311 1866 1357 1908 ex

404 1988 545 2041 auctore
570 1981 721 2061 quodam
744 1980 927 2044 a.Donat0
950 1980 1114 2062 neglecto
1138 1978 1260 2042 hausit.

468 2112 631 2176 Lucanus
654 2134 792 2197 quoque
817 2115 861 2176 ab
886 2114 1010 2196 apibus
1037 2113 1141 2175 melle
1164 2114 1253 2175 altus
1277 2132 1355 2175 esse

404 2248 517 2309 dictus
545 2256 611 2321 est,
641 2249 670 2310 si
700 2248 838 2329 quidem
868 2247 1014 2322 auctori,
1044 2246 1103 2329 qui
1129 2246 1237 2309 vitam
1265 2246 1356 2309 illius

402 2384 528 2464 poetae
565 2381 716 2464 scripsit,
752 2384 896 2445 credere
928 2401 1123 2463 possumus,
1174 2381 1263 2444 Nam
1298 2380 1354 2443 hic

404 2516 510 2579 refert
535 2518 578 2599 (v.
594 2515 877 2580 Reifferscheidt.
895 2515 1036 2581 Sueton.
1055 2538 1089 2598 p.
1109 2514 1266 2598 76-79):

471 2649 651 2725 ‚Octavum
668 2651 758 2712 enim
774 2670 929 2712 mensem
952 2670 1063 2732 agens
1078 2650 1230 2713 Romam
1245 2658 1355 2713 trans·

402 2785 492 2847 latus
521 2795 584 2847 est.
631 2782 687 2846 Ac
715 2805 759 2846 ne
789 2784 909 2865 dispar
937 2793 1082 2847 eventus
1110 2785 1146 2846 in
1173 2802 1216 2846 eo
1239 2803 1355 2846 narra-

403 2929 496 2981 retur
521 2919 594 2980 eius
619 2917 677 2999 qui
700 2918 735 2979 in
758 2917 915 2981 Hesiodo
938 2917 1099 2992 refertur,
1134 2938 1212 2980 cum
1240 2917 1356 3000 opinio

389 3063 484 3115 tunc
508 3072 578 3113 non
594 3051 767 3123 dissimilis
790 3062 955 3127 maneret,
979 3072 1085 3115 cunas
1108 3051 1257 3125 infantis,
1282 3051 1355 3134 qui·

402 3187 466 3247 bus
490 3185 680 3264 ferebatur,
710 3207 796 3267 apes
821 3186 1117 3262 circumvolarunt,
1142 3205 1251 3267 osque
1275 3184 1355 3248 insi-

403 3320 485 3380 dere
510 3320 718 3400 complures,
747 3330 806 3383 aut
836 3320 972 3383 dulcem
999 3319 1068 3382 iam
1097 3327 1169 3382 tum
1197 3319 1356 3402 spiritum

403 3451 476 3513 eius
501 3452 734 3515 inhaurientes
761 3465 819 3517 aut
842 3453 1027 3517 fecundum
1052 3462 1086 3517 et
1106 3455 1245 3536 qualem
1262 3473 1355 3517 *nunc

403 3586 641 3649 existimamus
665 3586 814 3650 futurum
839 3585 1095 3670 significantes,
1112 3636 1140 3654 ..
1156 3585 1174 3652 .’
1191 3622 1234 3633 -
