3014 4522
768 576 1009 637 *144*

456 753 671 836 'Propterea
710 753 743 814 in
780 753 931 816 carmine
971 754 1028 816 illo
1065 753 1236 837 Orphi00‚
1276 760 1369 838 quod

412 886 549 950 Lithica
573 888 778 970 appellatur,
802 888 952 969 legimus
978 889 1021 970 (v.
1042 889 1133 971 722):

402 1113 404 1117 ¹
525 988 688 1116 ,Ἁρασθαι
707 1031 741 1096 δὲ
754 1033 921 1119 Μέγαιραν
942 1028 1101 1119 ἀπόπροθι
1120 1033 1348 1123 παρλοίζοντος

524 1161 692 1246 Σευέμεναι
713 1162 854 1249 τρίποδος
875 1163 1119 1249 κακομήχανον
1131 1213 1137 1228 .
1150 1215 1157 1229 .
1170 1216 1176 1229 .
1189 1215 1195 1229 .

411 1296 512 1360 lv·728l
525 1290 590 1356 Καί
612 1313 684 1376 σφιν
708 1296 796 1378 (diis)
820 1290 997 1358 ἐπισπεῖσαι
1017 1295 1131 1360 λευκὸν
1154 1291 1247 1380 γάλα
1269 1295 1326 1360 καὶ

504 1506 505 1510 ¹
1103 1428 1188 1512 μέθυ
1209 1425 1269 1512 ἡδὺ

524 1555 589 1620 Καὶ
609 1555 688 1620 λίπα
715 1561 743 1620 τ’
770 1553 823 1640 ἠδ’
852 1556 964 1642 ἐρατόν
990 1579 1026 1622 τε
1053 1557 1205 1642 μελίσσης
1232 1553 1367 1643 ἄνθιμον

1106 1685 1192 1773 εἶδαρ
1205 1737 1211 1752 .
1224 1738 1230 1751 .
1243 1738 1269 1752 ..

410 1819 465 1882 Ob
505 1821 622 1883 vinum
661 1819 926 1884 sacrificandum
965 1822 1091 1884 Furiae
1131 1821 1256 1884 adesse
1294 1843 1364 1885 non

411 1954 516 2018 licuit.
558 1954 621 2017 Cui
643 1949 806 2036 ‚modltod
832 1957 941 2018 solum
964 1950 1095 2029 ,θυσίαι’
1123 1953 1368 2032 afferebantur,

306 2172 309 2177 ι
409 2092 457 2151 de
482 2091 606 2171 quibus
632 2088 759 2153 Suidas
790 2090 827 2170 (s.
844 2110 876 2152 n.
899 2106 1010 2170 ...νημ
1032 2085 1121 2164 θυσ.)
1149 2089 1212 2152 ait:
1246 2083 1295 2165 ,έν
1318 2084 1368 2166 αἷς

409 2215 491 2300 οἶνος
502 2219 539 2284 οὐ
555 2220 730 2297 σπένδεται,
746 2214 837 2285 ἀλλὰ
851 2219 935 2306 ὕδωρ
950 2221 1158 2306 μελίκρατον]
1193 2223 1249 2287 Ac
1261 2226 1367 2307 paulo

409 2368 513 2420 antea
541 2357 650 2431 idem,
685 2359 752 2419 hoc
781 2355 986 2420 sacrificium
1010 2359 1113 2440 apud
1127 2356 1366 2421 Athenienses

408 2491 678 2574 Mnemosynae,
719 2490 897 2566 Aurorae,
939 2489 1031 2566 Soli,
1073 2475 1216 2564 Lunae}
1256 2492 1365 2575 Nym-

408 2625 497 2708 phis,
521 2625 652 2688 Veneri
674 2623 825 2688 Caelesti
847 2623 975 2687 factum
1006 2644 1084 2688 esse
1108 2645 1154 2688 ex
1175 2624 1366 2688 Polemone

408 2759 531 2822 hausit.

446 2875 448 2880 ’
476 2889 548 2955 Sed
584 2901 725 2973 praeter
758 2890 941 2953 Plutonem
978 2897 1013 2951 et
1048 2889 1293 2972 Proserpinam
1331 2902 1367 2955 et

407 3027 529 3089 Furias
560 3027 664 3088 etiam
693 2994 829 3089 Hecate
860 3026 962 3087 melle
996 3025 1211 3107 placabatur.
1266 3024 1366 3108 Quae

409 3181 509 3223 sacra
527 3161 593 3242 (ap.
608 3159 772 3242 Apollonss
790 3159 908 3222 Rhod.
926 3158 1155 3243 Argonautic.
1172 3160 1251 3237 VII,
1271 3162 1366 3245 1035)

408 3296 536 3359 Medea
559 3295 675 3358 Iasoni
699 3295 747 3356 ita
771 3295 930 3357 mandat:

492 3445 682 3529 ,Μουνογενή
705 3444 730 3506 δ’
752 3439 891 3527 Ἑκάτην
912 3441 1269 3528 Περσηίδαμειλίσσοιο

491 3573 605 3659 λείβων
628 3570 666 3637 έν
688 3572 802 3650 δέπαος
824 3571 977 3658 σιμβλήϊα
1000 3572 1081 3658 ἔργα
1103 3574 1279 3658 μελισσῶν]
