3014 4522
534 615 774 677 *131⁴-

175 804 252 856 tuos
273 794 533 856 conservandos
557 791 758 855 adhibuisse
775 792 975 856 Herodotus
992 811 1131 873 quoque

175 927 223 990 ita
245 926 351 990 tradit
375 925 470 1008 (Clio.
493 925 583 1006 14o):
690 908 692 914 Α

239 1070 552 1156 Κατακηρώσαντες
585 1068 636 1154 δὴ1
656 1069 698 1133 ὠν
730 1069 784 1134 τὀν
817 1069 908 1134 νέκυν
933 1069 1056 1154 Πέρσαι
1088 1072 1131 1154 γῇ

175 1201 363 1286 κρύπτουσι]
424 1203 543 1285 Atque
582 1203 674 1266 idem
711 1205 754 1266 de
790 1203 967 1286 sepultura
1007 1223 1130 1286 regum

175 1336 385 1420 Scytharum
415 1340 504 1401 haec
534 1336 639 1400 refert
664 1336 735 1419 (IV,
755 1338 825 1418 71):
858 1329 1052 1411 ....,ἑπεοίν
1074 1353 1131 1417 σφι

175 1464 324 1554 ἀποθάνῃ
354 1468 371 1532 ὁ
400 1466 561 1553 βασιλεύς,
596 1467 722 1553 ὄρυγμα
751 1472 812 1552 γῆς
842 1467 930 1555 μέγα
962 1466 1131 1552 ὀρύσσουσι

174 1595 384 1684 τετράγωνον,
414 1595 535 1681 ἑτοῖμον
557 1597 591 1662 δὲ
612 1604 708 1663 τοῦτο
729 1597 916 1683 ποιήσαντες
939 1592 1131 1683 ἀναλαμβά-

173 1749 261 1793 νουσι
281 1728 336 1794 τὸν
358 1728 477 1813 νεκρὸν,
501 1729 810 1814 κατακεκηρωμένον
832 1727 887 1812 μὲν
908 1727 946 1793 τὸ
968 1732 1130 1811 σῶμα...’

241 1869 352 1953 Quem
382 1891 512 1935 morem
542 1882 576 1934 et
600 1870 791 1954 Aegyptiis
820 1882 854 1934 et
877 1871 995 1934 Persis
1022 1869 1128 1934 fuisse

173 2003 295 2069 Cicero
308 2008 375 2068 hoc
387 2006 491 2068 modo
505 2017 752 2068 commemorat
764 2004 912 2086 (Tuscul.
925 2005 1012 2086 disp.
1022 2004 1047 2080 Ι,
1057 2006 1127 2088 45):

241 2152 423 2227 ,Condiunt
445 2153 620 2236 Aegyptii
648 2166 801 2217 mortuos
834 2162 869 2215 et
898 2173 959 2216 eos
988 2163 1128 2217 servant

175 2287 287 2350 domi:
323 2287 454 2350 Persae
483 2287 588 2351 etiam
617 2307 698 2351 cera
729 2287 939 2351 circumlitos
967 2288 1127 2363 condunt,

172 2431 210 2484 ut
234 2441 338 2503 quam
361 2421 512 2484 maxime
536 2433 763 2503 permaneant
786 2421 947 2485 diuturna
970 2421 1126 2505 corpora'

174 2556 217 2637 (v.
241 2554 417 2618 Alexand.
445 2556 489 2617 ab
511 2553 704 2616 Alexandr.
733 2556 859 2636 genial.
882 2555 964 2619 dier.
987 2554 1043 2619 lib.
1065 2555 1126 2630 HI,

176 2708 205 2752 c.
225 2688 264 2770 2).
291 2725 331 2734 -

240 2821 461 2906 Agesipolim
485 2833 601 2888 autem
625 2846 748 2909 regem
770 2811 1127 2888 Lacedaemoniorum

173 2965 343 3020 mortuum
378 2958 412 3020 in
442 2957 625 3022 Graeciam
656 2962 723 3024 hoc
752 2961 856 3023 modo
890 2967 1126 3023 transvectum

173 3110 260 3164 esse,
284 3090 488 3174 Xenophon
511 3092 559 3157 ita
582 3093 688 3157 refert
712 3095 800 3176 (hist.
820 3114 938 3176 graec.
950 3092 994 3169 V,
1011 3115 1041 3174 3,
1058 3093 1125 3176 19):

237 3220 301 3297 ,καὶ
333 3221 447 3301 ἐκεῖνος
477 3224 532 3307 μὲν
559 3220 590 3287 έν
620 3224 723 3307 μέλιτι
749 3224 855 3304 τεθεὶς
880 3224 937 3289 καὶ
962 3223 1127 3308 κομισθεὶς

173 3347 288 3429 οἴκαδε,
311 3349 409 3438 ἔτυχε
430 3359 488 3437 τῆς
509 3353 677 3440 βασιλικῆς
698 3359 820 3440 ταφῆς]
838 3395 875 3401 —

240 3480 313 3547 Sed
332 3487 375 3548 de
387 3485 549 3570 Agesilai
567 3490 746 3570 sepultura
758 3490 877 3571 Nepos
893 3491 998 3554 tradit
1015 3490 1125 3573 (Age-

173 3618 224 3681 sil.
240 3617 358 3694 XVII,
377 3626 405 3695 8,
424 3620 471 3702 7):

932 3729 965 3798 9*
