3014 4522
517 624 755 687 *1514-

160 803 269 866 mellis
286 805 441 866 culturae
461 804 530 865 mel
546 824 684 885 quoque
700 804 875 867 libabatur
892 806 933 885 (v,
950 803 1053 867 Alex.
1069 805 1114 867 ab

159 937 263 1000 Alex.
282 958 362 1020 gen.
382 937 463 1000 dier.
483 938 540 1000 lib.
559 937 619 1011 HI,
642 959 670 1002 c.
689 938 748 1019 12).
787 937 921 1019 Quibus
943 940 987 1002 de
1010 940 1114 1000 rebus
1211 1006 1216 1014 Κ

160 1073 253 1152 apud
278 1069 442 1134 Ovidium
465 1074 554 1135 haec
578 1072 728 1153 legimus
753 1072 857 1153 (Fast.
875 1072 935 1146 ΙΙΙ,
956 1072 1049 1153 735):

206 1205 304 1279 ,Liba
329 1207 395 1268 deo
419 1203 520 1268 fiunt:
545 1208 638 1269 sucis
662 1207 743 1289 quia
767 1206 925 1270 dulcibus
948 1207 1006 1269 ille

250 1338 389 1403 Gaudet
413 1349 447 1402 et
470 1362 491 1402 a
508 1341 650 1403 Baccho
674 1341 778 1403 mella
801 1352 940 1422 reperta
962 1340 1085 1404 ferunt.

204 1474 283 1536 Ibat
306 1493 452 1536 arenoso
475 1472 611 1556 Satyris
634 1475 817 1537 comitatus
840 1476 885 1536 ab
905 1473 1093 1540 Hebr0...’

159 1606 297 1669 Deinde
319 1627 404 1688 apes
425 1608 572 1670 sonitum
594 1607 684 1669 aeris
701 1605 906 1689 Satyrorum
927 1617 1117 1688 sequuntur

161 1761 203 1802 ac
227 1741 389 1804 Bacchus
414 1741 456 1822 (v.
478 1742 568 1823 743):
592 1742 594 1745 ’

208 1873 357 1957 ,Colligit
383 1886 537 1938 errantes
562 1884 596 1937 et
620 1873 653 1936 in
679 1877 803 1938 arbore
826 1874 955 1936 claudit
979 1874 1070 1939 inani

251 2009 373 2072 Liber:
399 2020 433 2072 et
456 2008 586 2072 inventi
610 2009 766 2089 praemia
789 2008 902 2069 mellis
925 2009 1033 2071 habet
1054 2009 1116 2073 ...’

161 2146 249 2207 Tum
278 2141 387 2206 Sileni
420 2144 531 2206 mellis
564 2143 682 2224 cupidi
711 2142 887 2205 calvitium
918 2163 1002 2224 apes
1031 2165 1117 2226 pun-

163 2289 251 2359 gunt
285 2279 333 2340 ita
367 2287 405 2340 ut
435 2278 597 2340 Bacchus
631 2277 720 2339 risus
757 2279 848 2340 edat.
900 2276 972 2339 Mel
1000 2288 1116 2341 autem

163 2415 209 2476 ad
232 2414 411 2476 Bacchum
440 2412 553 2493 ipsum
581 2411 747 2492 pertinet,
780 2431 859 2473 nam
887 2412 993 2491 po‘e'ta
1021 2411 1118 2474 addit

165 2549 207 2630 (v.
228 2549 318 2630 762):

211 2681 328 2754 ,Melle
352 2689 453 2762 pater
476 2680 614 2743 fruitur:
638 2679 779 2761 liboque
803 2678 916 2741 infusa
940 2677 1066 2740 calenti

253 2816 331 2877 Iure
355 2814 524 2895 repertori
548 2814 697 2876 candida
720 2813 825 2875 mella
849 2810 992 2875 damus]

165 2948 243 3030 Quo
260 2969 306 3010 ex
317 2950 395 3012 loco
414 2951 456 3030 (v.
469 2969 529 3027 745
540 2947 628 3030 sqq.)
641 2948 915 3030 Magerstedtius
932 2947 993 3027 (ll.
1010 2965 1043 3025 p.
1054 2933 1117 3026 94).

164 3083 284 3146 Sileno
309 3083 377 3145 mel
399 3083 508 3187 libare
525 3095 662 3145 veteres
687 3083 806 3145 solitos
831 3102 909 3144 esse
933 3081 1023 3144 falso
1048 3081 1116 3142 col·

163 3219 251 3299 ligit.
293 3216 394 3298 Quod
419 3238 554 3280 sacrum
579 3218 683 3280 etiam
700 3213 843 3279 Silvano
868 3223 987 3296 aptum
1011 3213 1118 3275 fuisse

165 3352 294 3415 ibidem
324 3352 598 3433 Magarstedtius
630 3373 676 3414 ex
706 3349 984 3413 annotationibus
1013 3347 1120 3408 Vossi
1158 3392 1159 3397 η

164 3488 211 3548 ad
227 3485 365 3567 Vergili
387 3488 530 3567 eclogas
555 3485 613 3567 (X,
634 3485 684 3566 24)
711 3484 839 3557 hausit,
870 3482 928 3545 ubi
944 3501 1029 3544 vero
1051 3483 1118 3542 hac

164 3621 211 3683 de
235 3640 272 3681 re
296 3620 378 3681 nibil
401 3620 604 3681 invenimus
635 3658 668 3663 -‹
