3014 4522
521 582 739 648 *⁴634

218 760 264 825 Et
292 761 432 847 Assyri,
461 764 669 827 Iudaeorum
698 763 827 827 inimici
857 784 935 827 cum
963 784 1030 846 ape
1058 762 1108 825 ita

152 907 397 980 comparantur
421 898 623 982 (Prophetia
643 898 757 962 Isaiae
779 897 944 978 VII,18):
971 896 1106 972 ,Sibila-

151 1032 202 1094 bit
217 1033 406 1097 Dominus.
421 1082 450 1097 ..
474 1033 541 1116 api,
566 1054 656 1116 quae
681 1044 735 1096 est
758 1034 793 1097 in
816 1043 909 1097 terra
930 1032 1062 1096 Assur?

218 1166 297 1231 Huc
318 1169 455 1232 accedit
475 1168 588 1242 etiam,
611 1180 648 1231 ut
670 1188 716 1231 ex
736 1167 902 1250 Appiano
925 1166 1106 1230 Romanos

152 1302 269 1385 apium
298 1302 516 1365 examinibus
544 1304 590 1366 ad
617 1302 846 1384 expellendos
875 1303 995 1365 hostes
1020 1297 1105 1364 ‘usos

152 1456 229 1499 esse
254 1437 517 1519 comperiamus
539 1435 599 1499 ubi
620 1437 677 1499 ille
695 1438 739 1500 de
756 1436 878 1499 Amiso
903 1447 937 1500 et
952 1436 1105 1518 Eupato-

151 1572 211 1644 ria,
236 1570 375 1654 oppidis
399 1570 608 1634 Mithridatis
633 1571 817 1634 aLucullo
840 1572 1047 1652 proconsule
1071 1582 1105 1634 et

153 1708 242 1770 duce
278 1727 421 1770 romano
449 1707 615 1780 obsessiS,
649 1716 767 1770 narrat
796 1718 901 1788 atque
929 1706 1106 1789 explanat,

153 1843 244 1905 hunc
279 1842 405 1905 milites
440 1842 531 1905 illinc
564 1841 828 1923 Themiscyram
866 1841 1015 1914 misisse,
1049 1841 1107 1922 qui

152 1977 274 2039 urbem
302 1976 498 2058 occupandi
527 1995 634 2038 causa
663 1975 842 2049 cuniculis,
871 1995 957 2057 quos
987 1970 1107 2050 ,ὑπονο-

153 2110 242 2189 μοος’
264 2109 497 2185 nominabant,
522 2109 783 2172 circumdarent.
827 2107 941 2190 Quam
965 2111 1010 2172 ad
1033 2130 1106 2172 rem

154 2242 340 2327 Appianus
364 2244 462 2308 addit
485 2245 627 2327 (d..bell.
643 2243 794 2306 Mithrid.
814 2244 881 2324 78):
914 2239 1059 2318 ....,κοιὶ
1079 2241 1108 2305 οἱ

155 2376 362 2460 Θεμισκύριοι,
383 2371 463 2454 ὀπὰς
485 2371 611 2440 ἄνωθεν
632 2372 664 2454 ἐς
685 2366 800 2454 αὖτοὺς
819 2375 1008 2460 ὀρύττοντες,
1031 2371 1107 2460 ἄρκ-

153 2527 226 2585 τους
240 2528 277 2571 τε
291 2506 349 2571 καὶ
362 2506 465 2591 θηρία
487 2502 582 2591 ἕτερα
603 2505 660 2570 καὶ
682 2505 785 2591 σμήνη
806 2507 965 2590 μελισσῶν
985 2504 1016 2584 ἐς
1034 2504 1108 2583 τοὺς

154 2634 384 2723 ἐργαζομένους
406 2635 594 2724 ἐνέβαλλον]
611 2675 651 2682 -

219 2771 338 2855 Atque
370 2773 474 2835 etiam
503 2771 536 2833 in
566 2770 680 2833 medio
710 2789 799 2832 aevo
830 2772 898 2833 hoc
926 2768 1106 2832 artificium

153 2907 423 2990 oppugnationis
458 2905 691 2969 adhibebatur
724 2907 766 2987 (ν.
796 2905 960 2969 Bochart.
983 2905 1106 2968 Hiero·

154 3043 236 3105 zoic.
252 3041 313 3117 111,
330 3064 359 3122 4,
375 3063 409 3124 p.
425 3045 498 3121 508.
523 3076 562 3086 —
591 3040 820 3123 Magerstedt.
838 3062 871 3123 p.
890 3064 909 3120 4
914 3040 954 3119 3).
979 3077 1020 3086 ——

220 3174 353 3257 Quibus
376 3177 481 3239 rebus
504 3174 635 3250 relatis,
665 3195 814 3237 examen
844 3175 959 3255 apium
992 3175 1107 3256 prodi-

155 3311 250 3392 gium
273 3309 437 3374 militibus
466 3309 577 3372 dirum
600 3308 707 3372 fuisse
732 3309 859 3371 nemini
887 3310 1009 3371 mirum
1034 3309 1107 3371 erit.

221 3446 339 3526 Atque
364 3453 497 3507 tantum
525 3444 683 3507 timorem
713 3463 798 3525 apes
826 3443 1038 3516 inficiebant,
1070 3453 1108 3505 ut

156 3582 221 3642 iam
250 3583 294 3642 de
318 3577 555 3641 iis'somniare
584 3578 741 3639 omnibus
765 3588 905 3658 praeter
933 3577 1107 3658 agricolas
