3014 4522
657 625 874 689 *344-

288 807 436 867 tantum²
460 804 480 867 i.
495 826 525 868 e.
550 804 623 867 sine
647 807 777 880 aculeo
802 825 847 868 an
871 814 1021 879 ‚armata
1045 802 1243 868 clementia'

286 939 306 1001 i.
321 959 350 1000 e.
377 959 455 1001 cum
479 939 601 1002 aculeo
626 938 815 1001 clementer
837 949 948 1019 regat,
975 939 1177 1001 deliberant.

354 1070 452 1152 Quae
487 1072 603 1134 omnia
639 1073 778 1146 docent,
814 1082 952 1134 veteres
988 1069 1243 1152 significatione

285 1207 478 1289 symbolica
515 1206 632 1288 apium
672 1226 736 1287 pro
770 1225 881 1287 regno
921 1205 1089 1287 ducisque
1122 1226 1243 1268 earum

285 1359 349 1421 pro
373 1360 460 1421 rege
483 1360 566 1402 usos
591 1361 679 1403 esse.
718 1341 758 1402 Id
782 1341 876 1422 quod
900 1339 1005 1402 etiam
1028 1332 1142 1420 ,ἔσο-ἦν’
1165 1338 1197 1418 (i.
1211 1359 1241 1402 e.

284 1475 391 1556 vulgo
416 1474 532 1555 apium
557 1474 639 1555 dux)
665 1494 686 1535 a
703 1472 915 1536 Callimacho
936 1493 1001 1555 pro
1024 1493 1111 1557 rege
1134 1473 1241 1536 usita-

283 1620 338 1670 tus
368 1604 560 1681 confirmat,
590 1607 648 1690 qui
678 1608 722 1671 de
746 1607 829 1670 Iove
859 1606 908 1668 ita
936 1575 1029 1670 canit
1056 1608 1184 1690 (hymn.
1207 1607 1242 1669 in

281 1741 353 1806 Iov.
372 1742 442 1824 66):

325 1937 381 2015 ,Οὔ
396 1959 433 2001 σε
448 1938 535 2020 θεῶν
551 1935 673 2021 ἐσσῆνα
688 1936 784 2003 πάλοι
798 1937 919 2014 θέσεως
935 1938 1017 2023 ἔργα
1032 1938 1066 2002 δὲ
1080 1945 1196 2024 χειρῶν

325 2067 367 2152 σή
382 2089 419 2131 τε
434 2066 485 2154 βίη
500 2067 537 2132 τό
552 2089 589 2130 τε
603 2065 729 2152 κάρτος,
750 2066 838 2132 ’ὀναὶ
853 2067 953 2146 πέλας
968 2064 1058 2132 εἵσαο
1073 2067 1238 2152 δίφρου’....

280 2281 384 2345 Cuius
421 2281 572 2344 auctoris
605 2283 715 2345 verba
744 2282 873 2364 (Frgm.
896 2280 989 2362 508):
1019 2278 1237 2363 ,Μυρμιδόνων

280 2410 415 2496 ἐσσῆνα’
439 2418 563 2479 eadem
579 2416 713 2478 ratione
738 2436 874 2498 ‚regem
894 2416 1162 2499 Myrmidonum'
1186 2419 1236 2480 vi·

281 2553 406 2613 dentur
426 2549 631 2632 significare.
673 2549 739 2631 (De
756 2550 995 2612 sacerdotibus
1012 2550 1156 2625 Dianae,
1178 2550 1237 2632 qui

279 2678 427 2762 Ἐσσῆνες
449 2683 723 2756 nominabantur,
747 2702 810 2745 suo
833 2683 911 2746 loco
935 2683 1165 2765 disseremus).
1192 2722 1235 2730 -

344 2815 412 2879 Hie
447 2836 530 2878 vero
564 2815 767 2899 Aegyptios
803 2816 926 2880 iterum
962 2817 1092 2899 primos
1125 2816 1233 2881 fuisse

277 2951 448 3024 videmus,
484 2950 543 3031 qui
572 2952 639 3013 hoc
668 2951 827 3031 symbolo
856 2951 1054 3023 utebantur,
1090 2970 1171 3012 nam
1199 2951 1234 3013 in

222 3155 224 3160 ,
276 3086 469 3163 Ammiano
486 3084 699 3158 Marcellin0‚
722 3084 782 3146 ubi
802 3084 850 3146 'de
875 3084 1151 3167 hieroglyphieis
1175 3105 1233 3148 eo·

275 3240 350 3281 rum
378 3219 498 3282 litteris
529 3229 660 3292 narrat,
696 3220 785 3282 haec
814 3218 1007 3281 invenimus
1037 3216 1165 3300 (XVII,
1183 3220 1231 3300 4):

276 3354 358 3427 ‚Per
394 3353 547 3434 speciem
583 3352 660 3433 apis
694 3352 799 3432 melia
834 3349 1048 3414 conficientis
1075 3327 1232 3416 'indicant

274 3507 404 3568 regem,
429 3487 638 3549 moderatori
655 3505 732 3547 cum
754 3485 967 3548 iucunditate
989 3486 1130 3548 aculeos
1146 3506 1230 3568 quo·

273 3641 340 3702 que
375 3621 507 3684 innasci
542 3621 670 3682 debere
704 3619 758 3694 his
794 3620 902 3702 signis
939 3621 1164 3684 ostendentes
1195 3631 1231 3684 et
