3014 4522
494 593 735 655 *1594-

204 771 262 835 Sic
299 771 403 833 etiam
444 771 479 832 in
514 740 733 852 Anthologia
774 772 906 851 (Palat.
925 772 989 847 VI,
1020 772 1092 853 232)

137 905 355 987 Crinagoras,
380 905 485 966 variis
508 903 687 981 fructibus
716 905 774 988 qui
798 903 982 968 sacrificati
1007 917 1094 981 sunt,

137 1038 357 1113 enumeratis
381 1038 517 1102 scribit:

236 1240 556 1270 ............
578 1188 600 1275 ἥ
622 1213 659 1256 τε
681 1194 842 1276 μελισσῶν

280 1316 435 1407 ἀμβροσίη
451 1370 844 1386 ..............

236 1450 319 1517 Πανὶ
339 1449 556 1534 φιλοσκήπωνι
578 1451 635 1515 καὶ
657 1452 875 1537 succeptum
896 1452 1027 1537 Πριὴπῳ

281 1577 450 1646 ἀντίθεται
471 1580 562 1666 λιτὴν
586 1581 683 1646 δαῖτα
706 1581 922 1670 Φιλοξενὶδης.’
946 1620 985 1627 -

205 1743 370 1824 Priapum
400 1751 528 1815 autem,
560 1742 736 1804 hortorum
766 1762 998 1825 agrorumque
1027 1742 1093 1805 fer·

135 1877 271 1941 tilitatis
293 1878 405 1951 deum,
427 1877 532 1939 etiam
553 1877 734 1939 custodem
755 1877 985 1940 alveariorum
1006 1897 1094 1952 esse,

136 2011 317 2093 Vergilius
341 2011 396 2074 his
417 2011 575 2073 versibus
598 2011 701 2072 docet
726 2008 1048 2092 (Georg.IV,110):

182 2172 235 2246 ,Et
253 2182 369 2235 custos
382 2171 494 2233 furum
508 2181 612 2251 atque
630 2171 747 2233 avium
762 2192 839 2234 cum
852 2172 942 2234 falce
958 2172 1094 2253 saligna

184 2304 459 2386 Hellespontiaci
483 2317 600 2367 servet
624 2306 733 2368 tutela
756 2305 893 2386 Priapi?

134 2467 260 2548 Atque
288 2465 450 2548 Thyrsim
486 2474 661 2547 pastorem
690 2465 819 2547 Priapo
851 2466 986 2529 custodi
1013 2467 1094 2541 liba,

135 2619 229 2682 quae
246 2607 385 2662 veteres
406 2600 508 2662 melle
530 2600 710 2680 ungebant
727 2591 877 2678 (v.'Voss
897 2600 941 2661 ad
959 2598 1092 2680 Vergil.

135 2733 268 2814 Georg.
293 2733 337 2808 II,
355 2734 445 2814 394),
470 2731 694 2806 sacrificasse,
719 2733 768 2795 ita
788 2732 966 2813 Vergilius
989 2733 1095 2796 tradit
1111 2726 1112 2729 '
1131 2808 1134 2827 ⁵

137 2865 223 2946 (Ecl.
238 2865 318 2940 VII,
337 2888 353 2945 3
359 2868 406 2949 3):

184 3024 326 3100 ,Simum
344 3027 444 3089 lactis
462 3037 496 3088 et
514 3029 602 3090 haec
619 3039 654 3091 te
671 3029 752 3102 liba,
767 3029 895 3110 Priape
912 3031 1094 3111 quotannis

181 3159 381 3241 Expectare
406 3170 460 3223 sat
490 3171 558 3224 est:
591 3174 706 3225 custos
736 3183 773 3224 es
797 3163 961 3244 pauperis
985 3163 1094 3225 horti'

204 3319 249 3382 Et
285 3341 421 3382 sacrum
456 3321 584 3394 mellis¹
621 3324 714 3403 quod
750 3323 917 3398 Mithrae,
956 3320 1094 3405 frugum

133 3453 285 3528 custodi,
319 3452 476 3528 offertur,
509 3454 725 3537 Porphyrius
760 3457 827 3518 hoc
855 3458 958 3517 modo
991 3456 1093 3518 inter·

132 3595 292 3670 pretatur
317 3587 361 3667 (d.
378 3586 422 3650 A.
435 3588 477 3650 N.
495 3608 523 3650 c.
541 3588 662 3667 XVI):
959 3541 963 3568 Ξ
