3014 4522
655 586 872 650 *18⁴-

286 759 556 823 mellifieantium
592 782 741 825 examen
778 764 835 826 diu
867 764 974 829 fuisse
1010 765 1163 832 Soranus
1198 771 1242 852 (in

248 954 251 959 ,
285 893 359 955 eius
393 896 465 956 vita
499 915 530 957 v.
562 896 724 959 Bechert.
753 898 773 958 l.
796 896 829 978 l.)
865 899 919 960 his
953 902 1070 963 verbis
1106 913 1242 966 narrat:

284 1021 390 1107 ,μέχρι
416 1025 537 1089 πολλοῦ
565 1031 681 1108 σμῆνος
705 1026 740 1112 ἧν
763 1024 975 1113 ἐργαζόμενον
998 1030 1090 1113 μέλι’.
1119 1073 1159 1082 -
1187 1037 1242 1100 Ne

283 1162 350 1223 hoc
368 1163 507 1244 quidem
524 1164 601 1226 loco
619 1186 743 1246 corpus
760 1166 992 1247 putrefactum
1015 1167 1239 1252 significatur,

283 1295 312 1356 si
336 1296 475 1377 quidem
504 1318 607 1378 apem
636 1319 758 1379 puram
789 1310 990 1383 castamque
1021 1303 1241 1384 putredinem

283 1449 324 1490 ac
348 1429 523 1492 Venerem
548 1432 658 1494 vitare
682 1436 860 1514 putabant.

349 1577 426 1639 Hac
462 1599 508 1640 ex
537 1580 698 1642 castitate
728 1578 851 1644 variae'
874 1581 1015 1645 fabulae
1048 1584 1093 1644 de
1121 1582 1239 1664 apium

282 1711 416 1792 origine
432 1711 610 1792 profectae
629 1724 715 1787 sunt,
741 1735 827 1796 quas
851 1736 940 1777 nunc
966 1715 1137 1778 subtiliter
1159 1735 1239 1797 per·

248 1906 252 1912 ,
281 1865 475 1926 sequemur.

347 1975 476 2040 Semen
502 1979 592 2041 enim
617 1979 733 2060 apium
757 1979 831 2041 sive
856 1999 918 2041 sua
942 1990 1066 2061 sponte
1090 1981 1123 2042 in
1144 1981 1236 2045 flori·

278 2114 344 2173 bus
373 2113 471 2175 nasci
498 2114 572 2175 sive
597 2114 640 2175 ab
666 2113 780 2194 aliquo
805 2113 943 2174 animali
968 2114 1024 2174 edi
1052 2115 1234 2177 nonnullos

280 2246 478 2310 existimare
507 2247 715 2309 Aristoteles
746 2248 799 2308 his
828 2255 1078 2308 commemoret
1107 2246 1151 2328 (p.
1172 2267 1187 2325 7
1195 2268 1235 2328 59

278 2380 312 2440 A
331 2403 372 2459 30
389 2383 442 2445 ed.
462 2381 660 2465 Bekker):'

340 2522 418 2599 ,εἴτε
440 2525 592 2607 φυόμενον
616 2525 665 2602 (τὸ
686 2529 750 2587 τῶν
772 2525 933 2608 μελισσῶν
956 2523 1093 2608 σπέρμα)
1116 2520 1235 2602 ἐντοῖς

277 2649 408 2718 ἄνθεσιν
428 2652 619 2736 αὐτόματον,
643 2651 705 2715 εἴτε
726 2649 810 2738 ζῴου
831 2652 911 2730 τινὸς
929 2651 1091 2730 τίκτοντος
1099 2656 1113 2715 ’.
1151 2655 1233 2737 Qui·

276 2793 340 2852 bus
358 2793 401 2852 de
418 2764 543 2852 fabulis·
560 2793 604 2853 ab
622 2793 698 2872 ipso
716 2792 797 2853 alibi
814 2791 939 2871 spretis
957 2791 1004 2853 ita
1020 2789 1095 2869 agit
1113 2791 1156 2869 (p.
1169 2804 1231 2870 553

276 2924 310 2984 A
333 2929 369 2985 18
393 2926 445 2985 ed.
462 2924 607 3005 Bekk.):
641 2919 683 2998 ,οἱ
702 2921 756 3003 μὲν
771 2917 836 3004 γάρ
856 2941 953 3003 φασιν
974 2919 1010 2984 οὺ
1030 2918 1146 2981 τίκτειν
1168 2917 1232 2982 οὐδ’

275 3053 454 3137 ὀχεύεσθαι
474 3049 535 3132 τὰς
558 3054 718 3137 μελίττας,
741 3049 832 3118 ἀλλὰ
855 3053 957 3138 φέρειν
978 3053 1032 3119 τὸν
1054 3053 1153 3137 γονον,
1175 3053 1233 3116 καὶ

275 3184 376 3267 φέρειν
404 3185 433 3248 οἱ
464 3185 518 3268 μὲν
548 3180 610 3249 ἀπὸ
640 3191 698 3247 τοῦ
726 3179 845 3261 ἄνθους
871 3189 928 3246 τοῦ
959 3182 1174 3266 καλλύντρου,
1204 3183 1233 3246 οἱ

275 3314 300 3377 δ’
324 3310 386 3380 ἀπὸ
412 3323 470 3380 τοῦ
496 3311 615 3393 ἄνθους
641 3320 699 3377 τοῦ
726 3310 893 3395 καλάμου,
923 3309 1019 3376 ἄλλοι
1041 3312 1065 3374 δ’
1089 3308 1231 3377 ἀπὸτοῦ

275 3440 393 3523 ἄνθους
412 3451 470 3530 τῆς
492 3443 626 3523 ἑλαίαςῖ

341 3578 396 3641 Ac
409 3579 587 3660 Vergilius
601 3579 667 3640 hac
681 3577 724 3636 de
741 3595 778 3636 re
796 3575 889 3636 canit
905 3573 1045 3655 (Georg.
1062 3574 1122 3648 IV,
1139 3574 1228 3653 200):
