3014 4522
645 575 863 637 ,ιι-314*

276 748 392 834 ἔργων·
425 749 482 813 καὶ
504 748 643 833 μέγεθος
666 750 699 813 δὲ
722 749 814 834 ἔχειν,
841 749 946 834 ὥσπερ
968 747 1017 814 ἐπὶ
1038 751 1232 816 τεκνοποιίαν

276 877 454 958 συστάντος
486 885 544 943 τοῦ
578 880 729 962 σώματος
759 879 880 944 αὐτῶν·
918 878 991 958 τούς
1020 901 1057 944 τε
1087 887 1233 964 κηφῆνας

276 1005 394 1094 ἀργοὺς
428 1005 479 1073 ἅτ’
508 1009 595 1074 οὐδὲν
624 1008 760 1094 ἔχοντας
787 1008 882 1074 ὅπλον
908 1009 982 1093 πρὸς
1010 1010 1048 1075 τὸ
1077 1007 1232 1095 διαμάχε-

275 1141 359 1204 σθαι
385 1140 454 1224 περὶ
481 1146 539 1224 τῆς
561 1146 693 1224 τροφῆς,
723 1139 781 1204 καὶ
803 1135 854 1203 διὰ
880 1145 939 1222 τῆν
965 1138 1151 1225 βραδυτῆτα
1173 1139 1232 1224 τὴν

274 1275 332 1332 τοῦ
365 1270 523 1352 σώματος.
573 1271 614 1334 Αἰ
647 1271 681 1333 δὲ
711 1261 863 1353 Ιμέλιτται
897 1270 992 1353 μέσαι
1026 1271 1063 1336 τὸ
1093 1270 1232 1355 μέγεθος

274 1399 350 1462 εἰσιν
380 1393 496 1483 ἀμφοῖν
529 1399 690 1484 (χρήσιμοι
718 1395 784 1483 γὰρ
818 1397 903 1463 οὕτω
936 1399 1010 1483 πρὸς
1041 1399 1100 1484 τὴν
1135 1398 1232 1485 ἐργα-

275 1528 360 1594 σίαν)
390 1528 448 1592 καὶ
480 1526 655 1613 ἐργάτιδες,
687 1525 730 1607 ὡς
759 1528 816 1592 καὶ
844 1528 943 1592 τέκνα
972 1528 1147 1613 τρέφουσαι
1175 1529 1232 1593 καὶ

274 1657 432 1742 πατέρας.’
456 1697 496 1704 -
566 1716 567 1719 ,

344 1808 475 1890 Apium
504 1809 611 1891 igitur
640 1811 748 1872 duces
776 1804 941 1890 ,βασιλεῖςῗ
964 1813 1008 1872 ab
1033 1811 1232 1884 Aristotele,

278 1945 323 2024 (p.
343 1963 416 2022 553.
439 1943 473 2005 A
500 1964 538 2022 29
564 1945 616 2005 ed.
633 1943 786 2022 Bekker)
814 1939 970 2024 ,μητέρες’
995 1965 1016 2006 a
1040 1965 1108 2006 non
1131 1945 1233 2006 nullis

275 2077 351 2140 aliis
398 2077 564 2139 nominati
616 2098 703 2139 sexu
750 2079 839 2139 virili
887 2099 966 2140 esse
1012 2079 1231 2158 putabantur,

275 2208 509 2290 Quamobrem
540 2211 834 2290 Magerstedtium
866 2211 934 2291 (1.1,
959 2232 991 2292 p.
1013 2210 1073 2292 28),
1104 2211 1162 2291 qui
1186 2230 1232 2271 ex

275 2345 330 2406 his
346 2344 594 2425 Xenophontis
614 2343 731 2406 verbis
748 2342 980 2425 (Oeconomic.
1002 2363 1028 2422 7,
1048 2344 1100 2424 34)
1123 2335 1152 2420 ,ἡ
1167 2344 1232 2401 τῶν

274 2476 435 2557 μελισσῶν
454 2471 596 2558 ἡγεμών
620 2478 651 2539 ei
671 2497 691 2538 a
707 2477 883 2558 plerisque
902 2478 1076 2538 diversam
1097 2488 1232 2539 senten-

275 2613 358 2674 tiam
375 2612 482 2675 fuisse
506 2611 649 2692 colligit,
674 2611 771 2692 sequi
792 2632 859 2672 non
881 2631 1075 2692 possumuS.
1111 2611 1231 2672 Xeno-

276 2747 370 2829 phon
400 2746 491 2807 enim
521 2745 688 2807 hocloco
717 2765 862 2806 uxorem
891 2744 1007 2825 apium
1033 2743 1111 2805 duci
1141 2764 1232 2805 com-

274 2888 377 2960 parat
396 2892 430 2942 et
447 2889 635 2960 propterea
657 2870 686 2956 ,ἠ
701 2870 839 2957 ἡγεμών
862 2878 919 2941 ait.
957 2877 1038 2938 Alio
1055 2896 1138 2938 vero
1154 2878 1231 2939 loco

276 3013 431 3074 eiusdem
448 3013 598 3075 auctoris
616 3013 671 3093 (de
690 3013 766 3074 inst.
785 3012 862 3094 Cyr.
875 3011 918 3082 V,
939 3033 963 3084 1,
981 3015 995 3086 ξ
1015 3010 1065 3089 23)
1083 3011 1170 3071 haec
1188 3013 1231 3072 de

275 3143 367 3228 Cyro
391 3166 477 3228 rege
501 3146 667 3226 legimus:
696 3142 866 3220 ,Βασιλεὺς
888 3141 943 3225 μὲν
965 3137 1030 3225 γὰρ
1054 3139 1161 3224 ἔμοιγε
1183 3141 1232 3204 δο-

273 3284 339 3356 κεῖς
359 3277 399 3341 σὺ
418 3277 512 3360 φύσει
531 3276 704 3359 πεφυκέναι
726 3276 812 3340 οὐδέν
834 3277 929 3365 ἦττον
944 3272 964 3358 ἣ
980 3276 996 3341 ὁ
1012 3274 1043 3339 έν
1058 3279 1105 3358 τῷ
1123 3274 1232 3359 σμήνει

275 3407 427 3491 φυόμενος
448 3412 512 3470 τῶν
541 3407 701 3488 μελισσῶν
726 3401 868 3490 ἡγεμών·
895 3406 1003 3488 ἐκείνῳ
1025 3427 1062 3468 τε
1083 3401 1149 3489 γὰρ
1173 3404 1233 3468 αἰεὶ
1331 3452 1334 3458 .

276 3536 309 3600 αἱ
335 3537 483 3620 μέλιτται
510 3531 642 3599 ἑκοῦσαι
669 3536 834 3599 πείθονται
912 3536 1012 3597 κτλ
1026 3584 1033 3596 .
1046 3584 1052 3596 .
1064 3584 1071 3596 .
1083 3584 1089 3597 .
1102 3537 1117 3596 .'
1160 3537 1231 3598 Ubi
