3014 4522
756 589 997 652 *1244-

404 786 455 847 43.
508 767 744 829 Democritum
779 768 896 848 plures
933 769 968 829 in
1004 767 1078 831 dies
1112 769 1213 851 panis
1248 769 1354 832 odore

403 900 509 963 vitam
531 919 742 982 prorogasse
765 899 891 981 tradit.)
919 896 1054 982 Ἔχαιρε
1076 898 1110 962 δέ
1130 899 1147 963 ὁ
1165 898 1356 984 Δημόκριτος

404 1024 453 1094 ἀεὶ
471 1032 518 1113 τῷ
536 1030 651 1115 μέλιτι·
674 1030 824 1116 καὶπρὸς
844 1028 899 1096 τὸν
920 1031 1104 1114 πυθόμενον,
1125 1036 1191 1111 πῶς
1206 1027 1245 1097 ἂν
1259 1029 1356 1117 ὑγιῶς

403 1182 449 1241 τις
477 1157 593 1245 διάγοι,
625 1158 698 1244 ἔφη,
727 1161 754 1224 εἰ
778 1155 823 1224 τὰ
849 1160 905 1244 μὲν
933 1157 1018 1238 ἐντὸς
1039 1160 1142 1244 μέλιτι
1164 1160 1284 1247 βρέχοι,
1311 1155 1356 1225 τὰ

405 1291 430 1355 δ’
452 1287 543 1370 ἐκτὸς
565 1289 681 1374 ἐλαίῳ]
698 1329 739 1336 -

471 1432 573 1514 Quod
611 1432 802 1496 Democriti
840 1433 970 1497 dictum
1009 1432 1113 1496 etiam
1151 1432 1357 1514 Diophanes

405 1564 525 1650 (Geop.
547 1567 629 1643 XV,
652 1588 679 1631 c.
701 1585 729 1647 7.
751 1568 881 1649 §3-6)
921 1565 1035 1630 refert.
1092 1566 1211 1649 Atque
1245 1565 1356 1628 Pollio

379 1725 381 1728 ⁴
404 1721 514 1765 senex
530 1702 669 1765 celeber
688 1675 851 1764 romanus
867 1702 990 1764 eadem
1007 1700 1178 1764 sententia
1193 1720 1276 1763 usus
1292 1709 1355 1765 est.

404 1837 534 1899 Plinius
563 1836 654 1900 enim
682 1836 775 1899 illum
803 1835 896 1899 melli
923 1834 1039 1898 vinum
1068 1833 1286 1898 adiicientem
1314 1853 1358 1898 ac

377 2017 380 2022 -
405 1971 551 2034 mulsum
567 1970 651 2033 illud
667 1964 715 2033 ita
731 1969 932 2033 laudantem
946 1969 1031 2033 facit
1042 1968 1273 2051 (N.H.XXII,
1286 1968 1356 2050 53):

471 2113 581 2188 ,Multi
597 2123 774 2176 senectam
790 2113 932 2195 longam
954 2112 1054 2176 mulsi
1073 2121 1205 2175 tantum
1228 2111 1357 2175 nutritu

406 2249 611 2322 toleravere,
634 2268 748 2331 neque
765 2247 832 2310 alio
847 2248 916 2311 ullo
938 2248 1026 2322 cibo
1051 2246 1178 2311 celebri
1193 2245 1358 2310 Pollionis

404 2382 535 2446 Romili
564 2384 736 2463 exemplo
780 2380 1011 2446 Centesimum
1035 2400 1161 2443 annum
1184 2379 1357 2443 exceden-

406 2527 477 2580 tem
507 2536 585 2578 eum
612 2514 724 2578 Divus
752 2513 935 2597 Augustus
963 2514 1092 2596 hospes
1122 2512 1357 2596 interrogavit,

407 2667 556 2731 quanam
590 2648 741 2711 maxime
775 2648 908 2710 ratione
936 2647 1094 2730 vigorem
1129 2646 1223 2710 illum
1254 2645 1358 2710 animi

408 2781 632 2864 corporisque
649 2780 865 2845 custodisset.
900 2779 951 2844 At
968 2781 1026 2843 ille
1046 2780 1242 2864 respondit:
1266 2780 1357 2848 intus

406 2917 526 2990 mulso,
550 2915 633 2978 foris
657 2913 753 2978 oleo.’
770 2951 813 2960 —

472 3050 595 3132 Neque
622 3070 706 3114 vero
733 3039 856 3112 mirum
885 3059 951 3123 est,
986 3049 1016 3112 si
1037 3058 1175 3114 veteres
1207 3048 1276 3112 mel
1304 3067 1357 3112 se·

406 3191 580 3248 nectutem
601 3203 723 3248 sanam
748 3181 885 3248 efficere
908 3191 1135 3266 putaverunt3
1158 3204 1238 3247 nam
1262 3184 1358 3266 apud

407 3319 554 3382 Plinium
588 3319 743 3401 aliosque
778 3318 899 3381 harum
936 3337 1051 3381 rerum
1090 3326 1250 3381 auctores
1288 3318 1358 3381 mel

407 3452 512 3516 variis
536 3452 664 3515 morbis
687 3452 841 3516 remedio
864 3472 942 3514 esse
966 3450 1189 3516 existimatur.
1232 3450 1358 3533 Itaque

407 3586 537 3649 Plinius
561 3586 612 3669 (N.
627 3585 671 3649 H.
688 3584 754 3661 XI,
775 3583 824 3665 14)
849 3586 892 3648 de
915 3584 1018 3647 melle
1041 3584 1105 3646 ait:
