3014 4522
526 606 744 668 *73*

202 784 306 860 ,Misit
330 787 434 848 dente
459 785 529 846 levi
553 784 707 866 paullum
731 783 838 845 libata
861 783 1044 864 placentae

800 916 952 998 (Lesbia)

245 1053 392 1116 Munera
416 1055 460 1116 de
483 1053 590 1116 labris
615 1053 729 1115 dulcia
752 1053 855 1114 mella
878 1052 948 1114 suis

201 1188 327 1251 Nescio
341 1188 425 1270 quid
437 1189 516 1270 plus
528 1189 631 1251 melle
648 1188 748 1271 sapit,
766 1150 859 1269 quod
872 1186 1018 1269 contigit
1035 1187 1112 1268 ipsa

246 1320 392 1406 Spirans
416 1321 622 1406 Cecropium
648 1323 758 1399 dulcis
782 1324 889 1385 odore
913 1320 1090 1405 thymum'

223 1457 267 1521 Et
295 1458 406 1520 Amor
434 1458 510 1539 ipse
540 1457 680 1538 quidem
714 1457 863 1539 sagittas
892 1456 994 1518 melle
1024 1454 1109 1520 miti·

154 1591 263 1674 gavit.
310 1592 350 1654 Id
379 1594 473 1674 quod
498 1590 706 1655 Claudianus
737 1591 785 1653 ita
813 1590 918 1654 tradit
947 1589 1108 1672 (Epithal.

154 1727 241 1789 Pall.
261 1737 296 1788 et
312 1725 421 1790 Celer.
444 1727 532 1806 142):

368 1862 545 1943 ‚Puroque
569 1861 709 1924 imbutis
733 1861 836 1923 melle
861 1857 998 1941 sagittis

244 1995 312 2058 Hic
335 2006 480 2079 nuptum
504 1996 647 2078 petit’..
663 2045 670 2059 .
685 2045 692 2059 .
709 2032 751 2040 -

153 2129 227 2193 Sed
250 2129 342 2193 idem
364 2131 469 2213 poeta
485 2150 657 2193 venenum
682 2149 819 2211 quoque
835 2127 976 2191 Amoris
1000 2126 1107 2207 sagit·

152 2263 197 2325 tis
222 2263 270 2326 ita
298 2263 454 2328 attribuit
484 2265 539 2346 (de
563 2265 692 2346 nuptiis
716 2264 845 2326 Honor.
872 2275 907 2326 et
929 2261 1016 2325 Mar.
1035 2259 1107 2341 ad:

198 2398 391 2471 ‚Labuntur
414 2399 545 2482 gemini
568 2398 690 2462 fontes,
718 2398 773 2461 hic
798 2397 917 2471 dulcis
942 2416 1079 2458 amarus

198 2531 300 2595 Alter
324 2543 359 2596 et
382 2494 503 2610 infusis
528 2545 752 2614 corrumpunt
775 2534 877 2595 mella
901 2531 1061 2606 venenis;

198 2665 301 2728 Unde
326 2666 530 2749 cupidineas
554 2666 701 2729 armavit
724 2665 817 2728 fama
842 2663 1009 2748 sagittas'
1027 2703 1068 2710 --

217 2800 337 2882 Atque
355 2812 476 2864 auctor
491 2801 648 2865 vicesimi
664 2802 803 2884 septimi
820 2801 882 2884 (A;
901 2802 954 2863 ed.
974 2799 1105 2881 Bergk)

152 2935 313 2998 carminis
329 2935 665 2999 Anacreonticorum
682 2936 838 2998 similiter
854 2934 972 2998 scribit
989 2935 1049 3018 (vs
1059 2937 1104 3016 5)²

352 3066 485 3146 ,Ἀκίδας
508 3066 532 3129 δ’
556 3065 674 3152 ἔβαπτε
695 3065 810 3151 Κύπρις

352 3196 435 3263 Μὲλι
456 3195 494 3261 τὸ
515 3196 621 3281 γλυκὺ
643 3196 804 3283 λαβοῦσα·

350 3325 386 3390 Ὁ
409 3327 434 3389 δ’
450 3326 553 3412 Ἔρως
574 3327 676 3413 χολὴν
700 3327 843 3414 bernger?
860 3367 900 3374 —

152 3464 250 3546 Quae
285 3466 457 3549 imagines
490 3466 638 3530 fortasse
673 3490 793 3532 omnes
828 3472 894 3533 hac
929 3490 976 3531 ex
1006 3469 1105 3532 brevi

151 3600 322 3663 sententia
338 3601 452 3664 Plauti
477 3601 616 3685 (Cistell.
635 3605 660 3677 I,
683 3626 707 3677 1,
727 3604 778 3685 70)
803 3607 949 3668 haustae
975 3613 1069 3666 sunt:
