3014 4522
771 598 989 660 ,μανψ

404 777 574 840 antistites
598 775 762 838 Melissae
786 775 1041 857 nuncupantur’
1067 778 1109 860 (v.
1134 786 1169 840 et
1184 777 1358 840 Alexand.

404 913 448 975 ab
465 910 640 974 Alexand.
658 929 738 992 gen.
757 909 839 972 dier.
857 911 899 986 H,
917 911 957 993 8).

473 1058 582 1124 Sacra
606 1079 690 1122 vero
713 1058 835 1123 Matris
855 1058 1009 1140 Magnae
1034 1078 1112 1121 cum
1129 1059 1256 1123 Cerere
1281 1080 1360 1123 con·

403 1194 637 1258 fundebantur
653 1193 695 1275 (v,
709 1194 842 1258 Nitsch.
856 1194 877 1256 1.
889 1195 910 1258 l.
924 1215 959 1276 p.
974 1194 1060 1275 496),
1077 1195 1173 1257 cuius
1190 1195 1360 1258 antistites

404 1329 499 1410 ipsas
535 1347 672 1409 quoque
706 1324 871 1402 Μελίσσας
904 1325 1090 1400 nominari,
1127 1327 1360 1392 Callimachus

407 1461 535 1544 (hymn.
553 1461 586 1523 in
604 1426 723 1542 Apoll.
741 1460 813 1542 110)
837 1461 885 1523 ita
908 1458 1129 1524 testificatur:

449 1593 537 1675 ,Δηοῖ
556 1591 581 1655 δ’
597 1590 656 1656 οὐκ
675 1586 737 1656 ἀπὸ
757 1593 873 1671 παντὸς
891 1590 975 1676 ὕδωρ
990 1591 1136 1676 φορέουσι
1150 1592 1320 1671 Μὲλισσαι,

447 1722 528 1786 Ἀλλ’
551 1718 626 1804 ἥτις·
640 1722 776 1807 καθαρὴ
798 1744 835 1785 τε
857 1722 914 1786 καὶ
929 1717 1122 1808 ’ἀχράαντος
1144 1717 1267 1807 ἀνέρπει

448 1851 588 1930 Πίδακος
610 1850 644 1940 ἐξ
667 1851 747 1937 ἱερῆς
769 1852 862 1936 ὀλίγη
884 1849 983 1938 λιβοίς,
1006 1847 1102 1936 ἄκρον
1125 1847 1246 1917 ἄωτον]

474 2002 607 2085 Quibus
638 2004 681 2066 de
711 2004 951 2067 sacerdotibus
978 2004 1196 2088 Porphyrius
1224 2027 1362 2089 quoque

407 2141 497 2202 haec
521 2139 627 2202 tradit
652 2138 686 2220 (d
713 2137 758 2200 A.
771 2137 813 2200 N.
832 2158 859 2204 c.
879 2139 946 2218 18):
975 2130 1181 2214 .......,τὰς
1200 2133 1363 2221 Δήμητρος

406 2269 531 2354 ἱερείας,
562 2266 605 2348 ὡς
627 2274 685 2353 τῆς
705 2268 842 2354 χθονίας
863 2268 946 2347 θεᾶς
967 2267 1133 2352 μύστιδας,
1159 2258 1315 2354 μελίσσας
1336 2271 1364 2338 οἱ

406 2399 539 2465 παλαιοὶ
572 2397 716 2464 ἐκάλουν.
759 2395 860 2481 αὐτήν
891 2419 928 2461 τε
960 2396 1017 2482 τὴν
1050 2399 1153 2485 Κόρην
1186 2403 1363 2488 μελιτώδη]

409 2534 507 2617 Quae
532 2536 652 2598 ultima
675 2536 784 2596 verba
807 2532 853 2596 ad
873 2552 1011 2595 versum
1036 2555 1078 2613 94
1094 2534 1143 2598 Id.
1160 2535 1234 2598 XV
1250 2538 1363 2601 Theo·

410 2671 484 2735 criti
507 2670 711 2750 respiciunt,
741 2669 800 2731 ubi
824 2666 998 2731 corate
1023 2667 1243 2751 Proserpina,
1270 2669 1364 2734 Iovis

410 2806 614 2887 Cererisque
648 2802 731 2878 filia,
767 2797 948 2876 Μελιτῶδες
974 2767 1129 2865 vocatur.
1175 2800 1287 2883 Quem
1319 2807 1364 2869 ad

408 2941 522 3002 locum
547 2939 719 3019 interpres
743 2957 894 3020 graecus
917 2936 1093 2998 Theocriti
1117 2936 1205 2999 haec
1229 2937 1362 3004 scribit:

473 3068 652 3152 ,μελιτῶδες
671 3068 705 3132 δὲ
720 3066 778 3152 τὴν
792 3065 993 3151 Περσεφόνην
1015 3065 1094 3150 φησὶ
1114 3070 1189 3130 κατ’
1213 3061 1365 3153 ἀντίφρα-

411 3223 458 3265 σιν
486 3197 528 3280 ὡς
556 3197 613 3263 καὶ
634 3198 750 3283 Κόρην·
784 3193 836 3262 διὰ
861 3197 899 3262 τὸ
921 3192 982 3275 τὰς
1009 3194 1119 3280 ἱερείας
1144 3196 1201 3261 καὶ
1227 3202 1284 3280 τῆς
1305 3200 1365 3284 Δη-

410 3331 527 3416 μητρὸς
548 3329 714 3408 Μελίσσας
734 3328 912 3415 heptatico

478 3464 595 3545 Atque
619 3463 653 3525 in
669 3462 849 3546 Hesychio
873 3462 1039 3544 legimus:
1062 3455 1234 3541 ,μέλισσαν
1257 3455 1291 3524 αἱ
1308 3460 1365 3544 τῆς

410 3593 574 3682 Δήμητρος
595 3591 756 3676 simler
