3014 4522
762 575 1002 638 4122*

406 761 522 817 tantur
539 753 619 817 novi
638 752 804 815 homines'
824 749 987 835 affertur).
1020 754 1250 819 Tertullianus
1269 756 1359 818 enim

405 887 463 950 illo
485 889 528 951 de
551 887 618 950 ritu
641 889 729 951 haec
754 887 858 952 tradit
882 888 925 970 (d.
942 907 1057 953 coron.
1075 889 1171 954 milit.
1189 910 1218 953 c.
1231 890 1313 973 III):

474 1022 552 1096 ‚Ter
575 1021 800 1104 mergitamur
824 1021 970 1103 amplius
995 1023 1125 1106 aliquid
1146 1025 1358 1106 responden·

405 1165 474 1230 tes
509 1175 614 1238 quam
644 1156 802 1220 dominus
830 1156 864 1219 in
893 1157 1077 1240 euangelio
1107 1159 1357 1224 determinavit.

295 1347 296 1352 ,
405 1290 492 1353 Inde
515 1291 668 1374 suscepti
690 1291 790 1355 lactis
820 1301 854 1356 et
877 1291 988 1355 mellis
1013 1294 1234 1358 concordiam
1257 1315 1357 1378 prae·

405 1435 585 1508 gustamus
600 1473 606 1488 .
621 1474 628 1488 .
642 1422 659 1488 .’

471 1558 590 1642 Atque
601 1559 835 1643 Hieronymus
849 1559 938 1641 (adv,
950 1558 1156 1624 Luciferian.
1165 1559 1262 1643 VIII)
1276 1581 1357 1626 ean·

406 1696 485 1757 dem
500 1715 574 1757 rem
588 1694 637 1757 ita
653 1693 874 1757 acerbissime
894 1693 1099 1758 insectatur:
1124 1744 1146 1771 ,.
1157 1745 1164 1760 .
1176 1744 1182 1759 .
1192 1695 1356 1760 Multa...

405 1849 494 1911 quae
522 1848 586 1910 per
615 1827 836 1893 traditionem
865 1827 899 1890 in
922 1828 1089 1893 Ecclesiis
1118 1830 1355 1908 observantur,

405 1963 643 2027 auctoritatem
678 1961 742 2025 sibi
780 1961 931 2044 scriptae
964 1962 1056 2046 legis
1093 1938 1361 2045 usurpaverunt,⁴

404 2099 499 2161 velut
532 2097 567 2160 in
594 2098 734 2161 lavacro
769 2106 823 2160 ter
857 2106 963 2178 caput
991 2097 1192 2180 mergitare,
1228 2098 1356 2161 deinde

403 2251 567 2314 egressos
602 2230 701 2295 lactis
737 2241 772 2295 et
803 2231 915 2294 mellis
947 2241 1178 2315 praegustare
1213 2252 1355 2296 concor·

404 2366 496 2428 diam
520 2368 565 2429 ad
588 2364 752 2428 infantiae
776 2363 1083 2447 significationem'.
1109 2401 1150 2410 -

469 2499 571 2563 Certe
588 2500 726 2582 quidem
750 2500 818 2562 mel
842 2498 939 2561 cibus
962 2497 1142 2562 infantium
1166 2507 1248 2573 erat,
1274 2498 1355 2581 quia

404 2633 602 2696 alimentum
619 2634 755 2697 salubre
780 2653 858 2697 esse
883 2632 1130 2697 existimabant
1145 2641 1293 2696 veteres,
1312 2667 1353 2678 -

470 2767 648 2831 Comatam
672 2777 847 2850 pastorem
870 2776 980 2831 totum
1004 2787 1131 2831 annum
1154 2767 1228 2830 solo
1252 2767 1354 2829 melle

402 2904 447 2965 ab
476 2901 600 2985 apibus
634 2892 741 2965 altum
776 2921 854 2964 esse
877 2901 1083 2966 Theocritus
1110 2900 1164 2964 his
1193 2899 1353 2964 versibus

401 3036 506 3101 tradit
530 3036 640 3121 (Idyll.
657 3035 735 3111 VII,
753 3035 823 3116 78):

444 3186 541 3265 ,Ἁισιῖ
563 3185 588 3249 δ’
604 3184 646 3264 ὥς
667 3187 736 3249 ποκ’
759 3182 868 3248 ἔδεκτο
889 3181 944 3248 τὸν
965 3182 1094 3248 αἰπόλον
1115 3180 1209 3267 εὐρέα
1228 3178 1354 3271 λάρναξ

445 3313 530 3380 Ζωὸν
552 3310 653 3392 ἐόντα,
675 3319 825 3379 κακαῖσιν
848 3307 1104 3378 ἀτασθαλίαισιν
1126 3305 1277 3391 ἄνακτας·

435 3443 497 3524 Ὣς
518 3443 554 3507 τὲ
575 3466 619 3510 νιν
640 3445 674 3510 αἱ
696 3444 785 3530 σιμαὶ
805 3443 983 3528 λειμωναθε
1004 3440 1116 3527 φέρβον
1135 3442 1232 3506 ἰσῐσαι

444 3573 560 3659 Κὲδρον
581 3570 613 3656 ἐς
635 3570 743 3642 ἁδεῖαν
764 3576 922 3661 μαλακαῖς
944 3568 1081 3640 &mean
1101 3572 1265 3658 μέλισσαι·
