3014 4522
785 572 1003 636 ...82⁴-

482 751 523 812 In
535 751 782 814 Ecclesiastico
795 751 901 832 igitur
913 751 1002 814 haec
1014 750 1165 832 legimus
1173 713 1372 832 (XXXIX,

416 884 486 966 31):

482 1019 628 1095 ,Initium
651 1020 872 1082 necessariae
896 1020 947 1082 rei
962 1019 1055 1083 vitae
1071 1020 1248 1082 hominum
1271 1040 1371 1101 aqua,

414 1154 506 1234 ignis
525 1128 567 1215 'et
590 1152 732 1227 ferrum,
763 1155 828 1228 sal,
858 1154 913 1216 lac
943 1164 978 1216 et
999 1154 1100 1236 panis
1125 1154 1370 1236 similagineus,

415 1298 450 1350 et
466 1288 544 1361 mel,
560 1297 595 1351 et
610 1288 730 1351 botrus
746 1309 845 1364 uvae,
870 1299 905 1352 et
923 1292 1037 1352 oleum
1054 1301 1089 1352 et
1105 1287 1370 1351 vestimentum'.

480 1421 600 1503 Atque
624 1422 657 1483 in
674 1422 865 1504 Prophetia
883 1421 996 1485 Isaiae
1013 1421 1103 1505 (VII,
1121 1442 1169 1500 15,
1184 1421 1236 1502 22)
1261 1424 1370 1505 ,buty-

414 1575 489 1617 rum
512 1564 548 1617 et
567 1553 651 1617 mel'
675 1555 793 1636 inopia
815 1555 1014 1619 imminente
1039 1555 1154 1619 cibum
1178 1554 1370 1636 simplicem

413 1689 711 1770 principalemque
745 1687 820 1752 fore
849 1689 1069 1771 praedicitur.
1118 1690 1257 1770 Itaque,
1292 1709 1371 1752 cum

413 1809 523 1885 Israel
545 1821 579 1883 in
601 1822 750 1885 desertis
771 1822 863 1884 fame
887 1817 1123 1903 conficeretur,
1148 1820 1248 1898 ,Sobi
1261 1872 1267 1885 .
1282 1872 1310 1886 ..
1336 1832 1371 1886 et
1444 1830 1446 1834 '

413 1955 550 2019 Machir
579 1966 615 2018 et
637 1956 807 2018 Berzellai
836 1959 1032 2034 obtulerunt
1062 1957 1094 2018 ei
1118 1956 1186 2019 mel
1210 1967 1245 2018 et
1268 1959 1370 2038 buty-

413 2092 506 2165 rum’,
541 2102 579 2152 ut
606 2090 695 2152 libro
718 2089 752 2152 II
775 2089 932 2171 Regum,
963 2110 1068 2172 quem
1098 2111 1162 2153 nos
1185 2090 1309 2152 librum
1333 2089 1368 2151 Π

412 2221 584 2286 Samuelis
614 2223 832 2306 appellamus
857 2222 897 2304 (c.
910 2221 1029 2298 XVII,
1048 2222 1114 2303 27),
1145 2224 1300 2286 traditur.
1325 2259 1366 2268 —

411 2357 521 2420 Israel
537 2378 684 2438 quoque,
702 2366 887 2439 postquam
904 2355 1029 2421 Saulus
1045 2356 1272 2421 Philistaeam
1288 2359 1367 2420 sub·

327 2569 330 2576 ,
412 2493 494 2573 egit,
524 2493 593 2554 mel
616 2491 723 2554 fluere
748 2492 843 2556 vidit.
890 2493 980 2556 Nam
1004 2492 1038 2553 in
1062 2493 1150 2555 libro
1174 2491 1191 2553 Ι
1213 2491 1367 2573 Regum,

412 2640 516 2707 quem
546 2645 609 2687 nos
639 2625 761 2687 librum
786 2625 803 2686 I
825 2622 996 2689 Samuelis
1020 2625 1249 2699 nominamuS,
1279 2624 1367 2685 haee

411 2758 565 2822 feruntur
589 2760 676 2841 (cap.
693 2758 794 2832 XIV,
814 2779 862 2837 25,
883 2758 952 2840 26):

480 2890 600 2966 ,Omne
615 2940 622 2954 .
636 2941 664 2955 ..
694 2902 808 2955 terrae
835 2893 964 2974 vulgus
986 2892 1082 2955 venit
1105 2892 1138 2953 in
1164 2891 1304 2964 saltum,
1332 2890 1366 2952 in

412 3046 480 3107 quo
505 3035 579 3088 erat
603 3025 672 3087 mel
695 3045 800 3107 super
822 3024 947 3087 faciem
972 3022 1068 3107 agri'

479 3159 674 3241 ,Ingressus
704 3167 757 3220 est
780 3159 897 3241 itaque
921 3159 1071 3240 populus
1099 3158 1222 3220 saltum
1247 3167 1282 3219 et
1305 3177 1365 3238 ap·

412 3293 527 3373 paruit
549 3291 659 3355 fluens
683 3289 770 3354 mel!
787 3330 828 3339 -—

478 3426 550 3487 Mel
562 3446 646 3488 vero
663 3447 741 3490 cum
752 3426 844 3488 lacte
862 3425 966 3488 etiam
983 3425 1016 3486 in
1029 3434 1121 3488 terra
1136 3422 1244 3497 fluxit,
1261 3443 1365 3504 quam

413 3563 499 3623 deus
512 3560 546 3622 in
556 3559 644 3622 libro
652 3560 766 3622 Exodi
776 3559 884 3641 (ssiu)
895 3560 1033 3622 Iudaeis
1044 3558 1221 3640 promittit,
1234 3559 1294 3620 ubi
1306 3557 1364 3620 ait:
