3014 4522
744 605 986 669 *140*

431 776 482 854 Ὡς
504 771 543 841 ἄν
565 797 614 841 τοι
636 775 701 862 peip
724 777 778 862 μὲν
802 774 852 843 ἀεὶ
873 778 970 866 γάνος
991 781 1108 846 Ἀτθίδι
1130 780 1233 867 δέλτῳ

472 905 575 990 κηρὸς,
597 905 656 972 ὑπὸ
677 906 845 992 στεφάνοις
867 910 892 975 δ’
908 911 969 975 αἰεὶ
990 910 1069 997 ἔχῃς
1090 909 1290 997 πλοκάμους]
1304 951 1345 958 -

390 1038 510 1121 Atque
543 1040 577 1103 in
601 1041 718 1124 lapide
741 1043 831 1106 Pisis
860 1045 1014 1120 invent0,
1044 1047 1102 1128 qui
1126 1046 1207 1109 olim
1231 1047 1345 1128 sepul-

390 1193 485 1236 crum
510 1175 650 1257 aliquod
675 1179 772 1266 teuit,
796 1180 944 1262 legimus
969 1183 1011 1263 (ν.
1024 1179 1125 1264 Corp.
1142 1183 1249 1245 Inscr.
1266 1181 1344 1244 Lat.
1414 1150 1420 1165 Α

394 1311 706 1393 1420,v.19sqq.):
803 1402 805 1409 Ι

457 1443 616 1519 ,Inferiae
638 1446 816 1510 mittantur
830 1449 964 1530 bosque
989 1459 1023 1512 et
1043 1448 1120 1514 ovis
1144 1447 1209 1510 atri
1231 1426 1346 1511 infulis

393 1579 540 1642 caerulis
564 1579 697 1643 infulati
720 1581 786 1644 diis
808 1580 971 1645 Manibus
995 1592 1188 1647 mactentur
1212 1603 1346 1664 eaeque

391 1715 527 1778 hostiae
545 1734 587 1777 eo
604 1716 681 1778 loco
699 1715 905 1778 adoleantur
920 1736 1094 1798 superque
1111 1737 1170 1779 eas
1187 1717 1347 1798 singulae

391 1870 499 1912 urnae
523 1838 633 1926 lactis,
662 1849 782 1924 mellis,
807 1849 875 1912 olei
897 1848 1102 1915 fundantur!
1119 1887 1156 1896 -
1220 1842 1226 1855 ’

385 1964 387 1968 ’
457 1983 530 2047 Sed
544 1995 685 2067 praeter
701 1982 877 2065 piaculum
901 1985 996 2065 apud
1020 1985 1218 2067 sepulturas
1242 1983 1348 2047 etiam

390 2119 535 2182 aliorum
570 2138 746 2182 sacrorum
779 2137 886 2180 causa
916 2119 985 2180 mel
1020 2118 1054 2180 in
1089 2118 1213 2182 altaria
1243 2118 1348 2182 venit.

391 2251 469 2335 Qua
505 2254 549 2315 de
578 2273 615 2315 re
640 2252 753 2315 Varro
790 2253 846 2335 (R.
859 2252 905 2316 R.
921 2253 987 2327 ΠΙ,
1012 2258 1065 2329 16,
1083 2253 1113 2334 5)
1143 2253 1209 2317 ait:
1246 2274 1349 2336 ‚opus

390 2386 522 2450 faciunt
546 2387 669 2469 (apes),
700 2388 810 2469 quod,
842 2387 1078 2450 dulcissimum
1101 2389 1196 2470 quod
1220 2399 1289 2467 est,
1314 2399 1350 2451 et

392 2522 457 2584 diis
493 2531 529 2584 et
563 2520 759 2584 hominibus
796 2531 849 2584 est
883 2532 1082 2604 acceptum,
1118 2523 1212 2603 quod
1247 2520 1349 2584 favus

392 2657 488 2718 venit
511 2656 546 2718 in
570 2656 693 2719 altaria
718 2666 753 2718 et
776 2657 845 2718 mel
869 2655 915 2718 ad
937 2656 1108 2739 principia
1141 2654 1291 2719 convivii
1316 2665 1350 2717 et

393 2789 427 2851 in
463 2791 650 2858 secundam
687 2810 843 2854 mensam
880 2790 1147 2854 administratur.
1200 2789 1282 2872 (Mel
1316 2788 1352 2851 in

365 2893 367 2896 Α
393 2927 515 2990 altaria
538 2926 716 3007 imponere
733 2924 871 2987 Iudaeis
896 2944 965 2987 non
987 2924 1092 2988 licuit.
1136 2943 1167 2988 v.
1186 2922 1262 2988 Lib.
1281 2922 1348 2985 Le·

394 3062 486 3124 vitic.
502 3061 546 3136 II,
565 3083 612 3138 11,
630 3062 690 3142 12).
709 3098 751 3106 -

461 3195 564 3260 Certe
577 3197 717 3278 quidem
730 3195 798 3258 mel
811 3193 1002 3288 gratiarum
1015 3193 1232 3291 agendarum
1245 3210 1353 3255 causa
1387 3186 1391 3209 ²

396 3331 540 3415 superis,
557 3330 685 3413 piaculi
699 3350 805 3393 causa
821 3328 939 3391 inferis
952 3329 1062 3390 libare
1080 3327 1247 3389 solebant.
1269 3321 1352 3404 Qui·

395 3469 460 3529 bus
484 3466 635 3540 accedit,
664 3476 701 3527 ut
726 3462 962 3545 compluribus
987 3461 1039 3523 dis
1064 3460 1267 3540 deabusque
1292 3458 1352 3520 ali·

396 3622 465 3682 quo
490 3600 592 3661 modo
617 3618 703 3677 apes
728 3598 854 3660 etmel
879 3596 1116 3660 attribuantur.
