3014 4522
511 629 751 689 *147*

155 805 198 886 (v.
216 804 356 886 interpr.
374 825 426 887 gr.
449 806 494 867 ad
514 803 632 887 Apoll.
649 806 692 881 ΙΙ,
711 807 795 889 498).
821 843 863 852 —
888 808 932 872 Et
955 809 1106 872 Iustinus

154 939 258 1002 refert
283 938 393 1021 (XIII,
413 938 459 1019 7):

220 1072 429 1147 ,Aristaeum
452 1073 487 1135 in
502 1073 657 1137 Arcadia
672 1076 742 1137 late
765 1095 934 1157 regnasse
958 1097 1106 1159 eumque

152 1208 300 1290 primum
332 1218 365 1270 et
396 1209 513 1289 apium
546 1220 581 1273 et
610 1211 720 1272 mellis
749 1231 848 1274 usum
878 1221 912 1275 et
935 1212 1036 1275 lactis
1061 1213 1106 1275 ad

153 1343 339 1425 coagulum
356 1379 357 1382 =
374 1343 570 1406 hominibus
605 1344 809 1408 tradidisse.'
845 1381 886 1390 —
924 1343 1106 1427 Oppianus

153 1497 237 1540 vero
250 1477 450 1540 Aristaeum
467 1477 516 1539 ita
531 1477 651 1540 laudat
664 1475 843 1560 (Cyneget.
856 1477 917 1554 IV,
933 1478 1104 1561 2695qq.):

280 1613 473 1692 ...,πρῶτος
495 1605 609 1687 ἐκεῖνος
620 1658 626 1671 .
640 1658 665 1671 ..
687 1607 758 1673 ποτὶ
779 1607 928 1695 σίμβλους

215 1738 272 1802 Ἐκ
294 1735 382 1823 δρυὸς
405 1733 513 1823 ἀείρας
535 1732 662 1822 ἀγανὰς
684 1734 842 1803 ἐνέκλεισε
863 1738 1033 1822 μελίσσας]

220 1891 275 1953 Ac
291 1890 435 1969 Nonnus
452 1891 599 1953 eundem
622 1891 688 1952 hoc
705 1891 808 1952 modo
833 1891 987 1954 celebrat
1011 1889 1104 1973 (Dio-

152 2045 229 2108 nys.
248 2025 288 2099 V,
309 2025 399 2106 232):

194 2205 200 2218 .
214 2205 220 2218 .
232 2205 239 2218 .
251 2155 396 2239 ,Πρῶτος
418 2156 641 2239 Ἀρισταῖος...
664 2153 842 2238 πολλὴν...
864 2159 965 2239 σοφῆς
990 2154 1059 2220 ἑκο-

697 2305 790 2367 μισσε
811 2284 963 2369 μελίσσης

195 2413 374 2498 Δαιδαλὲην
397 2409 494 2479 ὠδῖνα
515 2413 723 2498 πολυτρήτοιο
745 2413 875 2499 λοχεὶης
887 2465 893 2479 .
906 2419 957 2479 ...’

153 2546 266 2628 Quam
282 2547 438 2611 Aristaei
454 2568 597 2630 operam
613 2547 756 2610 Nonnus
771 2567 883 2629 usque
904 2549 949 2611 ad
965 2566 1105 2610 versum

154 2682 427 2744 ducentesimum
459 2682 719 2762 sexagesimum
751 2681 941 2747 secundum
975 2681 1104 2744 ibidem

152 2824 298 2878 enarrat.
324 2854 364 2860 -
390 2815 590 2879 Aristaeum
614 2836 698 2879 vero
722 2816 869 2878 mulsum
894 2835 1031 2898 quoque
1056 2815 1104 2878 in·

151 2949 289 3013 venisse
313 2950 445 3013 Plinius
469 2951 517 3014 ita
540 2950 645 3013 tradit
671 2949 722 3032 (N.
736 2948 780 3013 H.
797 2948 896 3025 XIV,
912 2949 961 3030 4):

220 3084 356 3166 ,Neque
387 3084 477 3147 enim
505 3084 663 3148 fabulosa
695 3094 754 3147 aut
782 3085 827 3147 de
851 3083 984 3166 origine
1008 3084 1104 3147 varie

150 3218 289 3299 prodita
313 3226 562 3293 consectamur,
577 3267 584 3282 .
599 3267 627 3282 ..
653 3218 852 3281 Aristaeum
868 3217 1016 3299 primum
1032 3238 1104 3281 om-

150 3351 243 3415 nium
267 3351 301 3413 in
327 3354 450 3415 eadem
475 3353 729 3436 (Maroneomm
755 3355 790 3416 in
813 3353 972 3434 Thracia)
997 3365 1104 3436 gente

150 3487 221 3549 mel
245 3486 424 3550 miscuisse
449 3488 543 3563 vine,
574 3488 745 3551 suavitate
769 3488 958 3570 praecipua
981 3488 1103 3552 utrius·

150 3640 219 3702 que
243 3629 387 3684 naturae
412 3633 536 3703 sponte
560 3621 813 3703 provenientis?

893 3731 939 3781 ιο*
