3014 4522
519 583 736 650 *494-

150 774 284 827 tentum
314 761 389 828 fuit.
440 765 594 849 (Appian
615 767 673 830 1.l.
695 767 755 844 IV,
780 788 814 851 p.
838 773 900 848 306
936 767 1029 831 idem
1060 769 1104 832 de

150 898 265 962 corvis
294 910 426 973 narrat,
456 920 544 983 quos
577 912 613 965 et
643 901 748 965 hodie
787 903 1104 985 ,Ungliicksraben'

151 1032 391 1116 appellamus.)
452 1034 542 1098 Nam
580 1034 772 1118 fugientem
816 1036 950 1119 equites
988 1037 1104 1101 trium-

150 1167 301 1231 virorum
339 1170 515 1249 persecuti
558 1169 768 1234 occiderunt.
808 1207 850 1215 -—
886 1171 984 1233 Idem
1021 1191 1105 1234 vero

150 1301 184 1365 in
220 1303 456 1386 ,haruspicum
484 1306 669 1386 responso’
705 1305 822 1387 apium
853 1306 989 1381 ominis,
1024 1305 1106 1369 alibi

520 1402 535 1423 ,
999 1407 1002 1414 .

151 1437 327 1513 militibus,
364 1437 420 1502 hic
454 1446 571 1501 autem
606 1439 669 1502 toti
704 1441 834 1523 populo
875 1459 1018 1502 romano
1055 1440 1105 1502 in·

148 1569 274 1646 felicis,
307 1571 386 1654 ipse
419 1572 628 1635 mentionem
659 1571 751 1637 fecit.
803 1573 873 1636 Eas
908 1575 997 1637 enim
1027 1593 1103 1637 cum

151 1725 329 1768 servorum
375 1706 604 1782 examinibus,
652 1728 742 1789 quae
787 1709 918 1789 populo
959 1699 1116 1771 romano'

151 1839 363 1904 imminentia
397 1841 432 1904 in
466 1843 566 1906 ludos
600 1841 797 1924 irruperint,
840 1853 1020 1925 comparat
1052 1844 1106 1906 his

150 1975 268 2038 verbis
307 1975 399 2058 (XII,
423 1996 474 2055 25.
495 1975 563 2058 26):
605 1973 659 2051 ,Si
694 1995 843 2040 examen
878 1996 983 2058 apum
1017 1977 1107 2040 ludis

150 2109 186 2172 in
221 2130 362 2173 scenam
395 2110 562 2184 venisset,
597 2111 803 2192 haruspices
838 2110 1025 2174 acciendos
1061 2132 1107 2174 ex

151 2245 290 2308 Etruria
324 2256 543 2327 putaremus:
569 2245 743 2308 uidemus
777 2245 928 2308 universi
963 2258 1107 2328 repente

152 2380 315 2443 examina
350 2388 448 2443 tanta
484 2399 662 2442 servorum
692 2377 844 2441 immissa
875 2379 910 2441 in
940 2379 1108 2461 populum

151 2534 332 2577 romanum
357 2526 515 2597 saeptum
540 2523 646 2595 atque
671 2513 840 2576 inclusum
865 2524 900 2577 et
922 2531 991 2575 non
1016 2533 1108 2577 com-

151 2650 351 2712 movemur?
374 2647 492 2730 Atque
515 2647 550 2711 in
566 2668 670 2730 apum
687 2647 835 2712 fortasse
859 2647 1019 2711 examine
1043 2668 1107 2710 nos

153 2802 199 2845 ex
219 2782 442 2847 Etruscorum
466 2782 603 2865 scriptis
627 2782 840 2863 haruspices
864 2794 902 2846 ut
923 2803 944 2845 a
965 2783 1106 2845 servitio

152 2895 371 2991 caveremus,
401 2926 591 2980 monerent.
644 2913 746 2996 Quod
776 2915 882 2998 igitur
917 2936 963 2978 ex
992 2916 1107 2997 aliquo

153 3050 325 3115 disiuncto
345 3051 552 3133 diversoque
573 3059 726 3113 monstro
751 3047 981 3132 significatum
1007 3070 1107 3113 cave-

152 3205 276 3260 remuS,
301 3185 337 3247 id
361 3206 439 3249 curn
459 3186 573 3267 ipsum
596 3183 660 3246 sibi
683 3195 871 3246 monstrum
896 3192 949 3245 est
973 3192 1007 3246 et
1031 3204 1108 3245 curn

152 3318 186 3380 in
204 3339 246 3381 eo
262 3319 339 3401 ipso
356 3319 547 3402 periculum
571 3327 634 3392 est,
659 3338 705 3379 ex
722 3336 791 3398 quo
814 3315 1005 3398 periculum
1029 3337 1108 3397 por·

152 3452 312 3526 tenditur,
337 3473 406 3516 non
429 3449 753 3536 pertimescamusi’
778 3487 820 3498 —

221 3585 315 3649 Ante
336 3606 492 3668 pugnarn
509 3578 647 3668 quoque
670 3587 714 3648 ad
731 3585 912 3667 Philippos
929 3583 989 3664 (A0
1003 3581 1109 3644 XLII

915 3706 931 3752 4
