3014 4522
792 596 1010 659 *66⁴-

421 772 512 836 illius
533 773 689 855 pestiferi
712 773 746 836 in
762 774 875 837 Ponto
896 775 1022 857 prolati
1044 775 1257 838 mentionem
1279 773 1377 849 facit;

422 927 514 977 cum,
542 908 576 969 in
600 929 643 971 ea
665 909 810 990 regione
835 911 917 983 mel,
946 931 968 972 a
991 931 1029 972 se
1053 910 1130 992 ipse
1155 909 1378 992 quasidissi-

422 1042 517 1115 dens,
542 1044 706 1107 acerbum
731 1063 809 1105 esse
833 1043 925 1107 dicit.

489 1196 593 1261 Cuius
621 1196 732 1259 mellis
761 1197 831 1258 vim
866 1196 1008 1259 noxiam
1036 1196 1095 1259 illa
1125 1197 1250 1260 decem
1284 1195 1378 1258 milia

420 1331 679 1412 praeclarorum
708 1351 730 1391 a
752 1330 993 1413 Xenophonte
1021 1331 1204 1394 ductorum
1232 1329 1377 1392 militum

422 1462 548 1546 (CCCC
565 1486 594 1528 a.
610 1464 689 1528 Chr.
701 1485 733 1526 n.
751 1464 852 1543 anno)
876 1464 911 1526 in
934 1461 1060 1526 finibus
1079 1463 1295 1537 Colchorum,
1320 1461 1378 1544 qui

422 1610 558 1681 septem
579 1619 797 1682 parasangas
813 1600 1031 1682 Trapezunte
1055 1599 1223 1675 afuerunt,
1247 1616 1378 1680 cogno·

422 1736 514 1798 visse
531 1735 733 1818 Xenophon
753 1734 828 1818 ipse
845 1736 899 1797 his
910 1735 1028 1797 verbis
1050 1735 1207 1818 explicat
1223 1735 1279 1814 (de
1295 1753 1377 1815 exp.

423 1869 505 1953 Cyri
517 1870 573 1933 lib.
590 1870 640 1932 IV
653 1870 674 1936 i.
687 1868 739 1951 f.):
762 1861 880 1942 ,....τά
949 1864 1052 1950 σμηνη
1071 1860 1178 1930 πολλὰ
1198 1868 1237 1948 ῆν
1252 1863 1378 1939 αύτόθι,

421 1999 553 2063 καὶτῶν
572 1999 689 2084 κηρίων
709 1998 777 2063 ὅσοι
796 1997 919 2086 ἔφαγον
937 2004 1002 2063 των
1024 2003 1241 2084 στρατιωτῶν,
1263 1994 1379 2074 πάντες

422 2127 554 2216 ἄφρονός
568 2152 606 2195 τε
621 2128 783 2215 ἐγίγνοντο
797 2130 854 2195 καὶ
868 2127 966 2213 ἤμουν
980 2129 1039 2195 καὶ
1052 2126 1146 2194 κάτω
1161 2127 1306 2214 διεχώρει
1321 2125 1378 2189 αύ-

421 2268 493 2340 τοῖς,
514 2261 571 2325 καὶ
593 2260 688 2346 όρθός
710 2261 807 2340 οὐδεὶς
828 2259 960 2325 ἐδύνατο
979 2255 1151 2325 ἵστασθαι
1183 2258 1265 2323 Ἀλλ’
1280 2258 1308 2322 οἱ
1323 2257 1378 2340 μὲν

421 2391 528 2477 ὀλίγον
554 2391 738 2475 ἐδηδοκότες
764 2391 888 2475 σφόδρα
910 2391 1082 2475 μεθύουσιν
1104 2387 1259 2473 ἐῴκεσαν·
1293 2386 1379 2452 αἰδὲ

421 2520 510 2596 πολύ,
532 2521 738 2604 μαινομένας·
760 2519 788 2584 οἱ
809 2520 842 2584 δὲ
863 2520 920 2585 καὶ
942 2515 1207 2605 ἀποθνήσκουσιν.
1243 2517 1378 2583 Ἐκεῖντο

422 2650 455 2713 δὲ
469 2649 555 2714 ούτω
574 2650 687 2715 πολλοὶ
702 2649 806 2735 ὥσπερ
821 2657 937 2735 τροπης
951 2649 1176 2736 γεγενημένης,
1195 2648 1253 2715 καὶ
1271 2646 1378 2733 πολλὴ

420 2779 456 2866 ἦν
477 2800 499 2862 η
522 2775 657 2862 ἀθυμία.
701 2781 748 2863 Tr]
777 2781 810 2844 δὲ
836 2779 991 2865 ὑστεραίᾳ
1018 2774 1164 2845 ἀπόθανε
1190 2780 1245 2864 μὲν
1271 2777 1378 2856 οὐδείς,

422 2905 504 2993 ἀμφὶ
525 2909 559 2973 δὲ
580 2909 638 2995 την
662 2909 763 2996 αὐτην
781 2932 840 2976 που
862 2909 948 2996 ὥραν
969 2908 1129 2995 ἐφρόνουν·
1151 2910 1242 2995 τρίτη
1266 2907 1300 2973 δὲ
1321 2906 1379 2973 καὶ

421 3038 561 3126 τετάρτη
586 3037 765 3120 ἀνίσταντο,
788 3040 893 3126 ὥσπερ
915 3039 953 3105 ἐκ
974 3039 1257 3126 φαρμακοποσίας.’

488 3191 601 3273 Quam
623 3197 668 3257 ad
688 3214 761 3256 rem
786 3194 886 3257 simili
910 3194 1014 3256 modo
1038 3196 1184 3257 relatam
1200 3193 1378 3256 Diodorus

421 3328 510 3388 haec
526 3328 623 3389 addit
639 3328 750 3408 (XIV,
771 3328 839 3411 29):
856 3324 1002 3402 ,Πολλῶν
1017 3324 1050 3388 δὲ
1066 3323 1237 3408 φαγόντων
1253 3317 1305 3386 διὰ
1320 3320 1378 3406 τὴν

420 3456 613 3540 γλυκύτητα
630 3463 687 3540 τῆς
705 3452 923 3535 ἀπολαύσεως,
938 3457 1029 3542 ταχύ
1043 3458 1082 3524 τὸ
1096 3458 1223 3541 πλῆθος
1237 3457 1379 3543 ἐγεγόνει

420 3592 485 3650 των
495 3587 708 3651 πεπτωκότων
721 3587 809 3653 οἱονεὶ
817 3593 932 3673 τροπῆς
944 3587 975 3651 ἑν
983 3588 1113 3671 πολέμῳ
1123 3589 1375 3674 γεγενημένης]-
