3014 4522
749 620 991 694 ,αντ-κιο,-

393 808 512 891 Atque
528 807 627 872 Circe
648 808 786 893 (Odyss.
805 810 854 886 X,
871 813 945 893 518)
968 812 1111 877 Ulixem
1128 817 1216 887 haec
1233 817 1350 881 facere

392 944 506 1006 iubet:

435 1069 523 1160 ,ἀμφ’
536 1073 626 1157 αὐτῷ
636 1073 771 1160 (βόθρῳ)
784 1076 818 1139 δὲ
832 1074 913 1161 χοὴν
928 1079 1065 1162 χεῖσθαι
1078 1084 1172 1145 πᾶσιν
1187 1079 1350 1147 νεκύεσσιν

434 1210 547 1288 πρῶτοι
570 1206 759 1290 μελικρήτῳ,
782 1193 952 1289 μετέπειτα
975 1207 1009 1271 δὲ
1029 1205 1099 1291 ἡδέϊ
1119 1208 1199 1294 οἴνῳ,

434 1336 472 1401 τὸ
493 1334 596 1421 τρίτον
619 1327 695 1399 αὖθ’
717 1334 819 1399 ὕδατι
832 1386 838 1400 .
851 1386 857 1400 .
871 1387 897 1401 ..

394 1483 493 1567 Quae
517 1487 682 1548 mandata
711 1485 768 1547 ille
792 1487 940 1567 posthac
965 1485 1033 1568 (lib.
1056 1486 1120 1561 XI,
1145 1507 1177 1548 v.
1197 1507 1235 1567 27
1254 1461 1350 1571 ibid.)

394 1619 604 1702 exsequitur.

460 1753 525 1816 His
549 1755 584 1816 in
599 1753 685 1816 locis
711 1791 750 1798 -
776 1754 820 1816 sit
843 1754 946 1816 venia
970 1755 1049 1817 huic
1074 1754 1283 1837 digressioni
1307 1793 1349 1801 „-

392 1889 477 1951 illud
510 1883 734 1967 ,μελίκρατον’
768 1887 915 1950 mulsum
956 1887 1153 1970 significare
1192 1889 1351 1970 plerique

393 2022 481 2085 falso
516 2028 639 2103 putant
676 2020 776 2102 (sicut
799 2020 975 2083 Alexand.
1006 2022 1051 2084 ab
1075 2021 1266 2087 Alexandr.
1291 2011 1349 2087 lib.

393 2155 445 2217 ΙΙΙ
470 2175 497 2218 c.
521 2175 560 2217 ιο
592 2155 717 2236 genial.
750 2155 861 2233 dier),
903 2175 1113 2236 quamquam
1147 2155 1349 2219 Eustathius

394 2291 438 2370 (p.
459 2308 530 2368 711.
552 2288 626 2369 712)
650 2288 913 2369 interpretatur:
941 2283 1146 2369 ,μελίκρατον
1168 2283 1197 2349 οἱ
1218 2285 1351 2350 παλαιοὶ

317 2436 319 2441 ·
392 2418 496 2503 μίγμα
519 2417 600 2502 ῳαοὶ
621 2419 746 2501 μέλιτος
768 2418 824 2481 καὶ
845 2415 1032 2502 γάλακτος.
1070 2422 1172 2485 Hunc
1197 2441 1353 2498 errorem¹

392 2576 460 2619 non
490 2558 601 2620 solum
633 2558 677 2618 ad
708 2556 802 2618 illum
833 2556 946 2618 locum
979 2555 1174 2618 Pausaniae
1211 2555 1280 2635 (lib.
1306 2555 1350 2630 ΙΙ,

394 2711 428 2773 p.
451 2690 522 2772 105)
548 2689 635 2753 infra
650 2691 872 2764 laudandum,
896 2689 954 2751 ubi
977 2691 1021 2752 de
1044 2690 1151 2753 sacris
1168 2689 1350 2753 Furiarum

394 2825 597 2900 scribemus,
627 2845 801 2907 persaepe
830 2825 1036 2899 invenimus,
1068 2826 1132 2887 'sed
1156 2824 1261 2886 etiam
1285 2825 1351 2886 hus

393 2961 438 3023 ad
474 2980 594 3023 versus
631 2959 829 3040 (219—221)
871 2957 1032 3022 carminis
1067 2957 1214 3044 orphici,
1257 2960 1350 3040 quod

392 3095 530 3157 Lithica
553 3094 767 3176 appellatur:

476 3237 545 3323 ,Σὴν
568 3236 602 3301 δὲ
623 3236 823 3322 μελικρήτοιο
845 3232 929 3319 μετὰ
951 3237 1118 3321 γλυκεροῖο
1140 3234 1275 3320 μιγέντα

472 3367 585 3451 Ὄρνυε
606 3369 763 3451 πινέμεναι
785 3367 914 3451 νὺμῳην,
934 3362 987 3429 ἵνα
1008 3365 1112 3450 νήπιον
1134 3364 1188 3428 οἷα

478 3500 653 3563 Μαστοῐοιν
676 3498 840 3582 μεθύοντα
861 3501 934 3580 παρ’
958 3495 1106 3561 εὐναὶοισι
1126 3492 1265 3580 κομίζοι’

462 3634 514 3696 Ibi
539 3634 744 3713 interpretes
769 3633 1012 3704 Philoxenum,
1043 3631 1102 3711 qui
1130 3624 1349 3709 ,μελίκρατον
