3014 4522
760 587 979 647 *74*

436 814 457 840 ‚.
472 815 478 828 .
493 813 500 827 .
514 785 610 827 amor
632 776 666 827 et
687 765 788 827 melle
811 774 846 826 et
868 763 948 826 felle
971 774 1023 827 est
1046 762 1315 827 facundissimus

437 899 548 963 Gustu
570 898 708 981 quidet
730 900 841 974 dulce,
862 919 1017 962 amarum
1039 901 1084 961 ad
1107 898 1305 963 satietatem

1080 1033 1242 1117 oggerit?

458 1215 619 1296 Denique
648 1215 717 1276 mel
752 1215 947 1296 symbolum
981 1214 1129 1280 codundi
1158 1213 1351 1296 voluptatis
1404 1247 1406 1251 ,

391 1349 498 1412 fuisse
533 1347 750 1431 Porphyrius
790 1349 838 1412 ita
874 1357 1123 1412 commemorat
1159 1349 1202 1430 (v.
1235 1346 1350 1411 Antro

391 1485 631 1569 Nymph.16):

456 1639 583 1718 ,ταύτὸν
598 1642 632 1705 δὲ
651 1644 692 1723 τῇ
712 1638 750 1705 ἐκ
769 1641 936 1720 συνουσίας
956 1637 1051 1724 ἡδονῇ
1072 1640 1272 1725 παρίσταται
1294 1642 1351 1707 αι’)-

391 1777 456 1851 τοῖς
479 1777 555 1851 (τοῖς
576 1771 756 1856 θεολόγοις)
778 1768 800 1855 ἡ
822 1778 879 1836 τοῦ
900 1770 1043 1857 μὲλιτοςῖ
1067 1777 1110 1858 (ν.
1131 1775 1214 1839 ibid.
1236 1781 1350 1855 17,18,

396 1910 455 1997 19).
481 1947 522 1956 “

459 2071 574 2135 Mellis
590 2093 685 2146 vero,
708 2071 859 2155 symboli
875 2072 1076 2136 deliciarum
1099 2071 1234 2149 amoris,
1258 2095 1349 2139 nunc

391 2207 566 2270 mentione
585 2206 678 2269 facta
695 2214 730 2268 et
747 2203 1001 2287 significatione
1018 2207 1212 2290 symbolica
1230 2208 1349 2289 apium

392 2351 533 2424 praeter
561 2361 684 2423 pauca,
708 2338 796 2402 infra
820 2342 1133 2415 commemoranda,
1159 2342 1349 2424 explanata

393 2475 590 2558 symbolum
615 2475 735 2550 mellis
760 2476 935 2556 quomodo
957 2496 978 2537 a
994 2475 1171 2538 veteribus
1194 2475 1348 2540 intellec-

391 2620 464 2672 tum
486 2608 538 2683 sit,
562 2608 747 2690 diligenter
770 2607 990 2691 interpretari
1006 2609 1174 2673 volumus.
1208 2609 1288 2673 Hac
1304 2611 1349 2673 de

391 2764 429 2807 re
453 2743 531 2825 ipsa
554 2743 772 2826 Porphyrius
796 2743 900 2806 docet
924 2741 1348 2826 (d.Antr.Nymph.15):

456 2900 641 2985 ,κέχρηνται
663 2899 701 2985 δὴ
723 2904 771 2984 τῷ
790 2900 893 2985 μέλιτι
915 2900 943 2966 οἱ
964 2901 1117 2986 θεολόγοι
1143 2901 1216 2986 πρὸς
1241 2897 1349 2967 πολλὰ

391 3031 449 3096 καὶ
475 3028 612 3115 διάφοροι
641 3030 803 3118 σύμβολα,
831 3027 884 3095 διὰ
906 3030 944 3097 τὸ
957 3027 1004 3095 ’ἐκ
1024 3031 1152 3096 πολλῶν
1175 3030 1256 3098 αὐτὸ
1278 3053 1349 3097 συν-

395 3158 533 3226 εστάναι
555 3159 731 3245 δυνάμεων]

460 3324 534 3386 Nos
563 3343 647 3386 vero
682 3323 749 3386 iam
779 3343 798 3385 e
827 3322 953 3386 fabulis
982 3303 1026 3387 de
1063 3324 1180 3406 apium
1214 3323 1350 3407 origine

393 3458 494 3522 factis
518 3467 656 3521 veteres
679 3457 732 3520 his
748 3457 904 3520 bestiolis
925 3457 1055 3539 aliquid
1078 3457 1232 3521 divinum
1254 3457 1349 3522 attri-

394 3594 513 3657 buisse
538 3592 704 3674 colligere
731 3592 923 3675 potuimus;
948 3593 1042 3674 quod
1063 3592 1216 3655 divinum
1240 3593 1285 3655 ab
1309 3592 1350 3656 iis
