3014 4522
762 584 979 650 ...καφ

395 762 511 825 fuisse.
558 763 694 844 Itaque,
723 763 806 844 quid
829 763 922 827 melli
946 783 1022 826 cum
1046 774 1189 828 nectare
1214 768 1348 829 ambro·

397 897 517 978 siaque
535 916 715 960 commune
732 897 841 973 merit,
859 897 1037 979 explicare
1053 899 1222 976 volumu5‚
1238 900 1348 980 prius·

397 1051 500 1111 quam
529 1032 574 1093 ad
602 1030 728 1093 liberos
758 1040 793 1093 et
821 1031 957 1095 divinos
985 1040 1021 1093 et
1049 1032 1219 1096 humanos
1248 1033 1351 1095 melle

397 1164 542 1228 nutritos
566 1173 792 1228 transeamus,
810 1200 851 1210 —

466 1316 685 1400 Quamquam
708 1327 828 1380 nectar
844 1336 908 1399 pro
924 1327 1008 1400 potu
1032 1326 1067 1379 et
1091 1318 1264 1380 ambrosia
1287 1337 1351 1399 pro

398 1451 475 1515 cibo
492 1452 613 1515 haberi
630 1451 797 1526 solebant,
816 1460 934 1515 tamen
954 1472 1199 1534 nonnunquam
1216 1461 1351 1516 contra·

397 1587 483 1648 riam
511 1585 679 1648 rationem
703 1584 910 1661 invenimus,
939 1594 977 1648 ut
999 1587 1093 1667 apud
1118 1585 1351 1660 Athenaeum,

397 1720 456 1782 ubi
479 1719 607 1801 legitur
631 1718 808 1800 (Deipnoa
824 1717 858 1780 Π
874 1739 908 1800 p.
927 1723 977 1797 38.
995 1716 1065 1798 39):

462 1876 589 1953 Καλῶς
611 1874 662 1940 οὖν
683 1874 827 1960 Ἀρίστων
846 1874 967 1954 ὸΚεῖός
986 1896 1089 1958 φησιν,
1111 1871 1237 1958 ἥδιστον
1258 1876 1353 1942 ποτὸν

399 2003 476 2069 εἶναι
504 2002 558 2069 τδν
581 1999 651 2088 ἅμα
677 2004 733 2088 μὲν
754 2003 969 2089 γλυκύτητος,
994 2000 1064 2088 ἅμα
1087 2005 1112 2069 δ’
1135 2005 1266 2085 εὐωδίας
1287 2027 1352 2071 κοι-

398 2139 565 2199 νωνοῦντα.
594 2133 639 2200 διδ
665 2133 781 2199 καὶτὸ
805 2132 1000 2217 καλούμενον
1025 2133 1142 2219 νέκταρ
1167 2156 1353 2200 κατασκευ-

358 2339 360 2344 .
399 2262 487 2352 ἁζειν
506 2259 593 2343 τινὰς
613 2264 680 2349 περὶ
694 2263 748 2330 τὸν
763 2264 881 2344 Λυδίας
896 2264 1059 2347 Ὄλυμπον
1082 2263 1160 2330 οἶνον
1178 2265 1236 2329 καὶ
1256 2266 1353 2351 κηρία

400 2394 633 2480 συγκρίναντας
663 2395 704 2474 είς
731 2389 840 2459 ταύτὰ
864 2394 921 2459 καὶ
949 2390 993 2459 τὰ
1020 2399 1084 2459 των
1110 2390 1220 2461 ἀνθῶν
1243 2395 1353 2480 εὑιίιδη.

400 2523 470 2590 οίδα
497 2525 522 2588 δ’
545 2522 594 2590 ὅτι
620 2524 851 2612 Ἀναξανδρίδης
878 2523 917 2590 τὸ
943 2525 1061 2611 νέκταρ
1088 2525 1125 2591 οὐ
1145 2525 1239 2591 ποτὸν
1262 2519 1354 2590 ἀλλὰ

400 2654 519 2739 τροφὴν
551 2651 628 2720 εἶναι
658 2653 747 2738 λέγει
772 2653 873 2718 θεῶν·
910 2653 960 2732 ,τὸ
992 2655 1110 2741 νέκταρ
1142 2652 1244 2720 ἐσθίω
1273 2653 1354 2720 πάνυ

401 2781 533 2867 μάττων
555 2783 683 2848 διαπίνω
703 2788 732 2847 τ’
748 2779 921 2871 ἀμβροσίαν
939 2786 996 2850 καί
1015 2789 1062 2869 τῷ
1074 2785 1120 2851 Διὶ
1142 2786 1276 2852 διακονῶ
1298 2785 1356 2850 καὶ

402 2912 511 2998 σεμνὸς
534 2915 590 2999 εἰμ’
614 2911 772 2979 ἑκάστοτε
784 2914 874 3000 Ἥρᾳ
893 2918 1006 2982 λαλῶν
1026 2916 1084 2981 καὶ
1103 2916 1231 3001 Κύπριδι
1251 2936 1355 3002 παρα-

401 3045 601 3131 καθήμενος]
634 3046 700 3111 Καὶ
715 3042 851 3130 Ἀλκμὰν
868 3046 901 3111 δέ
916 3068 1007 3132 φησι·
1030 3048 1076 3126 ,τὸ
1090 3047 1208 3132 νέκταρ
1223 3044 1355 3130 ὣμεναί

404 3178 527 3257 αὐτούς.
561 3178 625 3243 Καὶ
639 3179 761 3263 Σαπφὼ
777 3177 811 3242 δέ
825 3198 934 3262 φησιν·
958 3177 1148 3264 ,Ἁμβροσίας
1163 3178 1218 3261 μὲν
1231 3174 1357 3261 κρατὴρ

367 3317 370 3323 ’
404 3308 568 3394 ἐκέκρατο,
593 3308 704 3393 Ἑρμᾶς
727 3309 751 3372 δ’
774 3304 844 3374 ’ἕλεν
865 3306 953 3372 ὄλπιν
974 3309 1061 3387 θεοῖς
1089 3309 1292 3393 οίνοχσὴσαιῖ
1315 3346 1356 3354 -

404 3440 440 3505 Ὁ
463 3440 496 3504 δὲ
509 3439 650 3524 Ὅμηρος
676 3441 764 3503 θεῶν
790 3437 878 3522 πόμα
906 3437 944 3503 τὸ
971 3437 1089 3523 νέκταρ
1111 3435 1197 3503 οἶδεν.
1233 3434 1357 3523 Ἴβυκος

406 3571 440 3636 δέ
469 3592 548 3656 φησι
578 3567 637 3654 τὴν
670 3563 845 3655 ἀμβροσίαν
876 3573 933 3633 τοῦ
960 3567 1086 3651 μέλιτος
1113 3571 1188 3633 κατ’
1215 3565 1358 3633 ἐπίτασιν
