3014 4522
629 620 967 684 *115*-

271 796 354 860 tiam
366 796 405 861 L.
414 794 578 880 Calpurni
590 796 725 862 Pisonis
739 808 974 881 comparatam
986 801 1080 882 apud
1092 811 1221 868 auctor.

273 930 412 996 carmin.
437 931 482 993 ad
498 931 613 996 Pison.
637 953 667 996 ν.
684 936 726 1012 64
749 942 784 995 et
799 932 975 1008 Antonini,
1000 934 1056 996 avi
1080 936 1225 998 materni

273 1063 438 1129 Antonini
454 1065 508 1128 Pii
524 1068 619 1148 apud
634 1067 720 1130 Plin.
741 1067 775 1130 in
792 1068 892 1149 epist.
910 1066 971 1142 IV,
990 1089 1007 1146 3
1027 1076 1062 1130 et
1079 1067 1115 1132 C.
1128 1069 1228 1132 Laeli

274 1200 366 1282 apud
393 1197 453 1263 Sil.
479 1201 553 1264 Ital
579 1201 661 1275 XV,
686 1221 749 1281 459
786 1210 820 1264 et
852 1201 972 1265 Urbici
1007 1204 1227 1284 grammatici

274 1335 367 1414 apud
388 1331 521 1398 Auson.·
541 1334 691 1399 Profess.
709 1334 814 1410 XXI,
834 1356 871 1397 22
897 1344 932 1398 et
954 1335 1001 1401 M.
1019 1334 1111 1398 Tulli
1130 1335 1225 1400 CIce·

274 1467 365 1529 ronis
398 1467 509 1549 [cuius
539 1468 771 1549 eloquentiam
794 1464 1028 1550 Symmachus
1048 1468 1065 1531 I
1089 1491 1165 1553 cap.
1185 1493 1221 1550 31

276 1601 358 1674 ,mel
389 1601 597 1665 Tullianum'
629 1600 797 1683 appellat]
833 1604 928 1683 apud
956 1602 1090 1669 Auson.
1115 1604 1224 1685 Epist.
1291 1601 1294 1607 ’

274 1735 373 1810 XVI,
395 1757 432 1815 1¹4
458 1736 504 1817 [v.
527 1735 607 1800 ibid.
627 1733 773 1801 Gratiar.
796 1736 919 1801 action.
940 1737 1000 1799 ubi
1017 1737 1060 1799 de
1076 1737 1225 1800 Nestore

275 1869 392 1932 scribit
416 1869 564 1951 Auson.]
595 1879 629 1932 et
652 1868 774 1931 Iuliani
798 1869 952 1951 Augusti
974 1871 1069 1950 apud
1092 1870 1223 1934 Himer.

276 2001 427 2084 Sophist.
446 2011 530 2066 orat.
548 2002 625 2078 VII,
641 2007 678 2066 16
704 2010 808 2085 atque
833 2015 876 2067 et.
895 2004 1105 2071 Winckelm.
1123 2005 1223 2069 Vers.

276 2137 369 2200 einer
385 2136 504 2219 Alleg.
522 2142 537 2213 g
555 2135 637 2216 102).
664 2171 704 2182 -

331 2268 428 2333 Sicut
435 2269 572 2332 Platoni
585 2269 789 2352 sapientiam
798 2278 833 2332 et
842 2267 1082 2351 eloquentiam,
1091 2269 1138 2332 ita
1146 2269 1224 2331 Pin·

276 2404 359 2465 daro
373 2423 459 2486 apes
472 2413 581 2467 artem
593 2402 767 2484 poeticam
780 2401 999 2482 portendisse
1013 2402 1223 2466 dicebantur.

276 2537 364 2598 Nam
380 2537 413 2598 in
425 2536 574 2599 Aeliano
591 2537 672 2619 (var.
687 2535 765 2599 hist.
783 2534 866 2609 XII,
882 2537 934 2615 45)
951 2535 1040 2598 haec
1056 2534 1219 2616 legimus:

337 2724 419 2754 .....
424 2671 571 2759 Πινδάρῳ
596 2681 654 2758 τῆς
682 2675 832 2759 πατρῴας
860 2673 959 2753 οἰκίας
986 2671 1151 2739 ἐκτεθέντι
1172 2673 1226 2757 μὲ-
1261 2704 1264 2710 ·

273 2804 381 2867 λιτται
409 2804 519 2887 τροφοὶ
547 2802 704 2888 ἐγένοντο,
736 2803 812 2888 ὑπὲρ
840 2810 898 2868 τοῦ
927 2801 1095 2888 γάλακτος
1123 2825 1226 2888 παρα-

274 2933 416 2997 τιθιῐσαι
436 2933 525 3017 μέλι]
540 2971 581 2979 -

343 3070 386 3135 Et
402 3071 605 3146 Pausanias,
627 3071 751 3134 eadem
767 3070 884 3133 fabula
899 3071 1019 3143 relata,
1035 3069 1129 3132 addit
1148 3069 1226 3152 (IX,

273 3224 306 3286 p·
324 3202 417 3284 sul:

315 3333 426 3419 ,Ἀρχὴ
440 3333 494 3418 μὲν
510 3332 655 3420 Πινδάρῳ
670 3340 764 3399 ποιεῖν
778 3332 913 3418 ᾄσματα
928 3331 1054 3418 ἐγένετο
1074 3333 1225 3417 τοιαύτη]

275 3467 317 3547 (ν.
341 3475 384 3532 et.
407 3468 508 3532 Dion.
533 3467 768 3552 Chrysostom.
791 3467 886 3533 Orat.
905 3472 955 3546 64.
978 3466 998 3531 i.
1016 3466 1037 3528 f.
1055 3487 1088 3548 p.
1109 3471 1170 3546 598
1192 3467 1225 3528 D

274 3608 308 3661 et
331 3599 528 3667 Philostrat.
546 3602 658 3684 Imag.
676 3603 718 3677 H,
741 3624 787 3677 12,
804 3624 836 3684 p.
856 3602 940 3682 830).
967 3638 1010 3646 —

1033 3705 1065 3763 8*
