3014 4522
765 608 1005 671 *⁴134*

405 780 477 867 βίον,
503 778 554 846 διὰ
585 781 619 846 δὲ
644 779 768 866 πικρίας
795 778 1068 867 ἀναβιώσιιεσθαι.
1106 782 1183 849 ὅθεν
1212 785 1269 849 καὶ
1296 793 1361 865 τοῖς

404 912 491 990 θεοῖς
519 910 622 996 χολὴν
651 909 760 990 ἔθυον,
786 908 807 994 ἢ
830 910 878 976 ὅτι
899 914 916 977 ὁ
936 913 991 995 μὲν
1019 910 1163 993 θάνατος
1188 915 1360 995 λυσίπονος,

404 1038 425 1124 ἡ
448 1043 473 1105 δ’
497 1039 644 1107 ἐνταῦθα
667 1041 744 1128 ζωή,
767 1041 941 1129 ἐπίμοχθος
962 1045 1020 1109 καὶ
1040 1043 1153 1130 πικρά]
1169 1085 1210 1092 -

471 1190 619 1272 Propter
643 1202 853 1254 mortuorum
875 1190 909 1252 in
926 1190 1029 1253 melle
1053 1193 1266 1274 sepulturam
1291 1195 1360 1255 mel

365 1295 369 1316 ἶ
405 1323 600 1405 symbolum
616 1325 736 1387 mortis
752 1325 889 1388 videtur
908 1346 987 1388 esse
1004 1325 1038 1401 in
1054 1326 1176 1390 litteris
1193 1336 1359 1401 veterum,

403 1457 437 1519 in
454 1458 683 1522 monumentis
700 1467 815 1522 autem
832 1459 917 1541 apiS,
942 1480 1032 1540 quae
1048 1468 1120 1522 tum
1141 1459 1245 1522 etiam
1269 1479 1359 1522 mor·
1434 1543 1438 1552 ,

405 1601 541 1653 tuorum
564 1592 609 1654 ab
625 1591 742 1655 inferis
758 1595 1032 1656 revocandorum
1056 1595 1251 1677 symbolum
1267 1593 1360 1657 facta

404 1737 465 1788 est,
515 1722 592 1806 Quo
621 1728 665 1788 de
694 1727 853 1809 symbolo
882 1726 1097 1810 Porphyrius
1132 1727 1220 1791 haec
1255 1729 1359 1792 docet

405 1859 448 1940 (d.
465 1859 510 1922 A.
527 1859 568 1921 N.
586 1858 711 1941 XIX):

464 1987 627 2071 ,μελίσσας
654 1987 765 2073 ἔλεγον
794 1990 834 2069 (οἱ
860 1990 1001 2060 παλαιοὶ)
1030 1987 1091 2069 τὰς
1121 1987 1251 2078 (ψυχὰς)
1281 1994 1357 2075 μελ-

399 2119 519 2197 λούσας
538 2114 622 2201 μετὰ
642 2119 838 2203 δικαιοσύνης
857 2118 1003 2204 βιοτεύειν
1021 2121 1078 2185 καὶ
1092 2118 1185 2186 πάλιν
1201 2116 1356 2206 ἀναστρέ-

399 2271 466 2333 φειν
489 2249 698 2334 εἰργασμένας
719 2245 763 2312 τὰ
786 2250 871 2328 θεοῖς
893 2252 981 2334 φίλα.
1014 2247 1139 2337 τὸγὰρ
1162 2249 1244 2337 ζῶον
1266 2251 1356 2335 φιλο·

399 2400 535 2464 στροφον
557 2379 614 2443 καὶ
635 2376 780 2462 μάλιστα
803 2377 921 2444 δίκαιον
942 2380 999 2444 καὶ
1021 2381 1226 2465 moerendi?

466 2524 700 2606 Quamobrem
736 2546 877 2607 gemma
907 2526 965 2589 illa
999 2530 1065 2610 (ap.
1082 2528 1270 2591 Bellorium
1294 2527 1314 2592 l.
1332 2529 1353 2590 l.

398 2661 467 2724 tab.
485 2660 574 2738 VII),
599 2680 689 2741 quae
713 2658 881 2723 Amorem
905 2681 1003 2735 urna,
1034 2661 1088 2724 cui
1116 2661 1193 2743 apis
1216 2661 1354 2734 insidet,

397 2794 623 2874 navigantem
654 2795 884 2867 demonstrat,
919 2794 1117 2858 acutissime
1148 2795 1196 2856 ita
1231 2796 1352 2877 expla-

399 2938 481 2990 nata
505 2937 570 3000 est,
603 2936 640 2990 ut
672 2928 748 3009 apis
772 2929 1059 2992 resurrectionem
1083 2927 1268 3012 significet,
1298 2929 1353 2992 cui

398 3062 483 3123 cinis
526 3062 558 3123 in
594 3081 680 3123 urna
718 3062 763 3124 ab
796 3061 929 3125 Amore
968 3063 1119 3125 deducta
1153 3062 1352 3127 reconditus

397 3194 535 3256 obviam
570 3194 715 3257 vehitur.
768 3194 889 3259 Verba
927 3216 1010 3259 vero
1054 3196 1128 3271 ,ET
1158 3194 1349 3269 VLTRA’,

397 3348 487 3409 quae
508 3348 670 3409 gemmae
695 3329 847 3410 ascripta
876 3341 967 3405 sunt,
992 3332 1159 3394 Amorem
1183 3333 1278 3413 apud
1301 3331 1350 3393 in·

352 3512 355 3518 .
395 3461 487 3524 feros
515 3483 652 3544 quoque
683 3463 849 3526 dominari
879 3464 1040 3528 videntur
1068 3466 1194 3528 docere
1230 3464 1271 3544 (v.
1290 3464 1348 3528 W.

395 3596 540 3659 Menzel.
566 3597 679 3679 Myth.
705 3597 845 3659 Forsch.
872 3619 905 3679 p.
924 3599 1007 3677 296).
1038 3636 1076 3644 -—
