3014 4522
807 595 1025 659 ÷20÷
1189 604 1196 658 l

439 791 519 834 nam
556 773 734 853 complura
763 773 924 835 animalia
957 794 1004 836 ex
1037 774 1109 837 luto
1139 776 1395 860 putredineque

439 925 596 968 crescere
620 915 758 969 veteres
783 906 1036 970 existimabant.

503 1040 557 1102 Ita
585 1041 658 1103 sive
688 1060 733 1102 ex
764 1041 894 1104 semine
924 1041 1039 1104 divino
1070 1042 1144 1104 sive
1171 1079 1204 1087 —
1234 1043 1270 1105 id
1298 1046 1394 1126 quod

438 1174 605 1254 Judaicae
626 1176 671 1238 de
690 1175 866 1237 hominum
889 1176 1023 1258 origine
1039 1174 1179 1238 fabulae
1204 1176 1313 1238 simile
1338 1186 1394 1240 est

438 1345 480 1355 -
509 1330 528 1370 e
556 1319 649 1372 terra
681 1310 855 1373 hominem
886 1310 1016 1374 factum
1050 1331 1128 1374 esse
1159 1309 1304 1374 Ovidius
1337 1311 1392 1374 his

437 1443 594 1506 versibus
618 1444 710 1507 canit
733 1444 827 1527 (Met.
844 1444 869 1518 I,
885 1444 964 1525 7o.):

483 1649 608 1728 ,Natus
623 1650 728 1711 homo
745 1657 806 1723 est,
828 1650 902 1711 sive
919 1650 1010 1711 hunc
1027 1648 1144 1711 divino
1161 1647 1292 1711 semine
1306 1646 1393 1711 fecit

480 1781 543 1844 Ille
567 1780 686 1863 opifex
709 1803 833 1856 rerum,
856 1783 973 1845 mundi
998 1783 1148 1846 melioris
1172 1782 1287 1864 origo:

482 1914 564 1979 Sive
584 1937 707 1980 recens
723 1917 835 1990 tellus,
856 1919 1069 1999 seductaque
1085 1937 1197 1999 nuper
1213 1917 1257 1979 ab
1274 1917 1344 1979 alto

480 2049 646 2126 Aethere,
672 2052 814 2132 cognati
837 2052 1010 2115 retinebat
1034 2052 1167 2113 semina
1191 2048 1300 2114 caeli.'

436 2249 490 2311 Ex
514 2250 689 2312 hominum
714 2271 796 2312 vero
821 2250 1050 2313 cadaveribus
1074 2250 1243 2311 dracones
1270 2255 1305 2309 et
1329 2269 1387 2310 an·

436 2405 540 2465 gueS,
568 2405 614 2447 ex
638 2384 735 2465 equis
759 2384 961 2465 putrefactis
985 2404 1117 2464 vespae
1142 2392 1177 2445 et
1201 2384 1388 2445 crabrones

435 2528 470 2580 et
493 2518 672 2580 scarabaei
696 2519 792 2580 nasci
815 2518 1025 2581 dicebantur.
1065 2517 1195 2579 Plinius
1219 2517 1309 2578 enim
1333 2515 1388 2578 his

435 2655 478 2714 de
503 2656 605 2715 rebus
635 2655 722 2716 haec
752 2655 854 2715 docet
878 2653 929 2734 (N.
943 2652 987 2715 H.
1005 2652 1070 2725 XI,
1087 2651 1154 2730 23):
1191 2648 1304 2732 ,(Sunt
1329 2649 1387 2730 qui

434 2787 567 2867 putent)
699 2789 732 2849 in
767 2798 875 2850 totum
909 2786 1054 2847 amissas
1091 2783 1198 2867 (apes)
1231 2782 1387 2863 reparari

434 2894 613 2982 ventribus
641 2920 777 2982 bubulis
806 2921 1002 2982 recentibus
1032 2938 1109 2980 cum
1132 2916 1212 2978 fimo
1236 2915 1383 2977 obrutis:

433 3054 610 3135 Vergilius
636 3053 676 3134 (v.
694 3051 821 3134 Georg.
836 3052 896 3126 IV,
916 3071 1016 3132 295-
1026 3069 1105 3129 314;
1125 3069 1141 3127 5
1147 3069 1253 3128 50-5
1259 3048 1310 3128 58)
1336 3048 1384 3110 iu·

434 3207 620 3249 vencorum
656 3206 800 3266 corpore
837 3185 1051 3259 exanimato,
1091 3184 1178 3246 sicut
1219 3201 1384 3263 equorum

432 3341 560 3402 vespas
589 3329 693 3401 atque
718 3321 921 3392 crabrones,
952 3319 1040 3381 sicut
1069 3318 1241 3380 asinorum
1270 3336 1382 3379 scara·

432 3456 549 3526 baeos,
574 3462 728 3516 mutante
745 3461 867 3515 natura
889 3474 935 3514 ex
951 3452 1025 3514 aliis
1047 3453 1219 3533 quaedam
1241 3451 1274 3512 in
1297 3447 1384 3511 alia.’

432 3624 473 3631 —
497 3587 552 3649 Ac
576 3588 781 3649 Plutarchus
805 3607 916 3668 prope
942 3606 1068 3667 corpus
1089 3583 1283 3648 Cleomenis
1309 3602 1383 3644 cru-
