3014 4522
746 617 988 680 *1524

456 795 558 858 Certe
583 795 724 876 quidem
748 793 806 857 ubi
829 795 972 857 Baccho
996 793 1269 867 sacrificabatur,
1299 793 1348 857 ibi

289 1004 292 1009 Ι
388 929 506 992 vinum
534 930 708 992 libabatur
731 929 788 992 vel
818 930 863 991 ad
892 930 1056 993 maiorem
1087 931 1160 992 eius
1189 928 1247 990 dei
1270 928 1347 1010 glo·

387 1064 476 1126 riam
499 1066 702 1145 potabatur:
735 1073 839 1146 atque
863 1064 921 1126 ubi
945 1064 1062 1125 vinum
1086 1072 1224 1124 veteres
1247 1061 1346 1123 bibe-

390 1200 483 1272 bant,
506 1198 554 1260 ibi
572 1199 675 1260 melle
696 1219 834 1280 quoque
856 1198 1067 1261 fruebantur.
1103 1195 1181 1277 Quo
1198 1196 1242 1258 de
1260 1204 1347 1276 potu

389 1333 433 1394 ab
446 1331 611 1395 Aristaeo
630 1371 668 1377 -
686 1342 725 1394 ut
740 1333 889 1395 vidimus
905 1367 949 1379 -
968 1332 1109 1394 invento
1125 1332 1217 1393 hunc
1234 1329 1346 1392 solum

389 1466 503 1528 locum
519 1451 677 1529 Macrobi
701 1465 825 1529 afferre
849 1469 1008 1529 volumus
1029 1462 1346 1547 (Satum.VII,12):
1454 1510 1457 1517 .

458 1601 692 1673 ‚Proverbium
711 1612 765 1663 est
777 1602 953 1682 gulonum,
970 1602 1117 1663 mulsum
1130 1600 1223 1681 quod
1235 1599 1346 1680 probe

390 1748 565 1816 temperes
601 1735 816 1797 miscendum
852 1755 929 1797 esse
968 1754 1059 1796 novo
1093 1732 1276 1814 Hymettio
1311 1741 1347 1793 et

390 1871 508 1931 vetulo
532 1867 694 1955 Falerno’
726 1868 769 1948 (v.
792 1878 828 1930 et
849 1868 953 1930 Alex.
973 1869 1018 1930 ab
1037 1867 1138 1929 Alex.
1162 1885 1242 1947 gen.
1260 1864 1345 1928 dier.

388 2003 444 2066 lib.
463 2003 523 2076 III,
546 2025 579 2064 11
608 2012 644 2064 et
666 2002 710 2074 V,
730 2002 789 2082 21).
819 2037 856 2045 -

455 2135 575 2217 Atque
611 2134 714 2197 etiam
744 2132 886 2206 Osiridi,
915 2134 1057 2195 Baccho
1086 2130 1344 2214 Aegyptiorum

396 2272 439 2352 (v.
460 2270 594 2332 Nitsch.
616 2271 636 2332 l.
649 2269 670 2332 l.
693 2289 718 2331 s
732 2289 763 2331 n.
782 2266 900 2348 Osir.)‚
930 2267 1026 2329 euius
1056 2266 1252 2346 sepulcrum
1276 2273 1345 2325 tre·

390 2405 499 2466 centis
536 2403 724 2485 sexaginta
751 2402 893 2464 vasibus
925 2401 1026 2464 lactis
1059 2399 1171 2481 plenis
1201 2398 1344 2461 circum·

391 2539 547 2612 dabatur,
570 2538 642 2600 liba
663 2558 741 2599 cum
766 2537 868 2599 melle
892 2533 1087 2598 sacrificata
1111 2554 1197 2608 esse,
1221 2533 1277 2595 his
1298 2552 1345 2594 ex

392 2672 550 2734 versibus
573 2654 698 2734 Tibulli
723 2672 760 2755 (I,
780 2690 806 2751 7,
826 2670 877 2750 53)
903 2669 1115 2751 colligimus:

434 2804 503 2878 ,Sic
527 2805 647 2867 venias
670 2805 853 2878 hodierne,
884 2804 947 2866 tibi
972 2805 1051 2865 dem
1074 2802 1160 2865 turis
1184 2803 1343 2874 honores,

478 2941 566 3004 Liba
591 2948 625 3002 et
648 2939 836 3020 Mopsopio
861 2937 975 3000 dulcia
998 2938 1100 2999 melle
1123 2932 1253 2999 feram’

456 3072 528 3137 Sed
553 3075 693 3137 Baccho
722 3084 860 3136 veteres
891 3092 1086 3154 cognomen
1109 3070 1256 3133 Brisaeo
1282 3069 1343 3130 de-

389 3209 481 3270 disse
503 3217 699 3289 propterea,
724 3208 816 3288 quod
840 3204 1024 3286 ‚Brisaeus’
1048 3226 1070 3268 a
1086 3206 1195 3267 verbo
1211 3222 1342 3285 graeco

388 3338 525 3424 ρλίσσειν
549 3342 671 3404 ductus
697 3341 739 3402 sit
761 3352 795 3404 et
819 3341 989 3424 Bacchus¹
1004 3340 1135 3420 primus
1158 3338 1258 3402 favos
1282 3358 1343 3399 ex-

389 3475 526 3548 emerit,
566 3474 798 3536 Rubnkenius
833 3475 889 3554 (ad
920 3474 1003 3536 Tim.
1033 3475 1092 3535 lex
1121 3473 1209 3536 Plat.
1235 3491 1269 3553 p.
1288 3471 1341 3552 63)

388 3610 553 3673 audacius
589 3608 734 3671 coniicit.
