3014 4522
651 555 868 620 4113*

350 731 436 803 ,Non
459 731 536 794 illas
552 734 668 814 -(apes)
694 735 802 797 libido
822 743 1035 816 progenerat
1051 735 1234 818 ‘domitrix-

282 886 349 946 que
364 868 515 929 omnium
532 868 729 931 animalium
742 868 862 932 Venus
876 918 903 933 ..
919 918 926 932 .
962 868 1078 932 Abest
1097 870 1235 932 inimica

282 1000 447 1062 virtutum
482 1002 643 1083 voluptas
679 1002 784 1069 castis
812 1003 886 1064 sine
915 1003 994 1065 labe
1024 1004 1233 1085 corporibus

282 1131 387 1198 Solae
412 1136 562 1198 omnium
586 1157 655 1198 non
679 1139 786 1200 edunt
808 1136 922 1200 foetus
947 1139 1009 1200 sed
1032 1136 1183 1201 faciunt!

347 1269 403 1332 Ac
420 1269 550 1332 Plinius
575 1269 621 1334 ait
646 1272 696 1353 (N.
710 1271 754 1334 H.
767 1271 832 1347 XI,
851 1272 917 1352 16):
943 1272 1083 1354 ,Apium
1097 1320 1103 1334 .
1118 1322 1125 1336 .
1141 1320 1147 1334 .
1166 1273 1233 1336 coi·

281 1414 337 1465 tus
353 1403 449 1466 visus
471 1414 524 1467 est
543 1402 727 1486 nunquam’
744 1406 787 1487 (v.
800 1406 845 1467 ib.
861 1406 923 1486 23).
940 1443 981 1450 —
1000 1403 1232 1485 Quamobrem

280 1537 447 1618 apiarium
466 1540 511 1600 ad
528 1559 640 1621 apem,
664 1541 731 1602 hoc
753 1540 948 1622 symbolum
968 1539 1146 1610 eastitatis,
1171 1562 1231 1623 pu·

279 1691 354 1735 rum
387 1675 557 1736 accedere
587 1673 764 1755 Vergilius
801 1673 850 1735 ita
880 1673 976 1736 iubet
1010 1671 1150 1755 (Georg.
1167 1643 1231 1749 lV,

281 1812 342 1870 228
356 1807 461 1891 sqq.):
978 1769 982 1779 '

280 1937 331 2015 ,Si
347 1943 487 2023 quando
504 1944 625 2006 sedem
642 1954 826 2025 angustam
844 1952 1052 2026 servataque
1069 1943 1172 2005 mella

278 2074 466 2139 Thesauris
482 2077 626 2152 relines,
650 2076 745 2160 prius
761 2078 889 2139 haustu
905 2097 1046 2159 sparsus
1063 2095 1230 2158 aquarum

280 2207 349 2272 Ore
366 2209 447 2273 fove
463 2210 645 2292 fumosque
661 2216 764 2273 manu
780 2211 971 2292 praetende
987 2178 1228 2290 sequaces’....

346 2344 390 2407 Et
424 2344 614 2408 Columella
649 2346 753 2408 docet
787 2344 870 2423 (XI,
902 2366 949 2423 14,
972 2345 1021 2423 gl:
1061 2343 1229 2418 ,Maxime

279 2479 541 2541 custodiendum
567 2489 620 2541 est
644 2479 792 2542 curatori
816 2479 885 2561 (qui
901 2499 987 2561 apes
1002 2478 1128 2558 nutrit),
1152 2498 1228 2540 cum

278 2614 377 2676 alvos
391 2601 543 2677 tractare
560 2613 710 2688 debebit,
735 2611 784 2675 uti
800 2613 911 2695 pridie
932 2623 1047 2676 castus
1064 2613 1109 2674 ab
1125 2613 1229 2674 rebus

277 2748 436 2809 venereis
450 2791 543 2810 .....
568 2767 629 2810 eos
649 2713 820 2810 accedat.
853 2746 898 2828 (v.
916 2757 959 2810 et.
977 2745 1111 2808 Pallad.
1128 2745 1153 2819 I,
1171 2764 1228 2824 37;

276 2879 336 2955 IV,
357 2881 417 2962 15).
444 2918 483 2925 —
509 2879 610 2962 Apes
634 2892 750 2944 autem
773 2880 907 2955 irritari,
937 2881 965 2942 si
989 2880 1065 2962 quis
1088 2899 1126 2940 re
1151 2898 1228 2940 cum

277 3015 419 3077 muliere
436 3016 558 3078 habita
581 3015 818 3098 aggrediatur,
844 3013 1013 3076 creditum
1037 3032 1124 3086 esse,
1148 3011 1227 3073 Plu-

275 3151 417 3211 tarchus
440 3149 489 3211 ita
513 3149 628 3231 prodit
653 3148 801 3230 (coniug.
818 3152 997 3229 praecept.
1014 3166 1048 3227 p.
1067 3144 1155 3226 144):

319 3278 477 3355 ,donabor
500 3284 607 3365 (apes)
636 3277 848 3362 δυσχεραίνειν
875 3277 932 3343 καὶ
955 3273 1133 3362 μάχεσθαι
1163 3281 1228 3354 τοῖς

275 3409 358 3496 μετὰ
373 3418 533 3497 γυναικῶν
548 3412 743 3496 γενομένοις.
757 3451 796 3458 -
809 3416 858 3478 Ut
870 3374 1038 3478 Aelianus
1056 3414 1103 3475 ait
1117 3410 1171 3493 (A.
1180 3411 1224 3474 H.

274 3551 318 3627 V,
336 3552 384 3633 11)
409 3554 453 3615 de
478 3550 618 3633 apibus:
