3014 4522
639 583 859 645 *194

318 780 457 856 ‚Verum
478 779 577 860 ipsae
597 799 616 841 e
636 777 726 840 foliis
748 787 848 841 natos
872 789 907 841 et
927 779 1089 843 suavibus
1108 779 1224 842 herbis

319 911 388 976 Ore
412 910 548 994 legunt'
562 960 569 973 .
583 961 589 974 .
605 962 612 975 .
627 962 633 974 .

275 1090 408 1172 Quibus
435 1093 551 1154 verbis
575 1090 724 1173 Vergilii
749 1091 898 1153 laudatis
928 1092 1002 1173 (IX,
1021 1112 1048 1166 2,
1067 1091 1096 1172 7)
1126 1092 1225 1155 Colu-

275 1228 379 1288 mella
403 1228 507 1288 etiam
531 1247 576 1288 ex
598 1226 732 1308 Hygini
756 1225 910 1289 doctrina
931 1226 1019 1288 haec
1044 1235 1227 1288 conservat

276 1362 333 1442 (ib.
356 1360 490 1441 14‚18):
523 1359 598 1434 ,Ad
621 1359 751 1422 foetum
777 1359 885 1441 (apes)
911 1361 1102 1440 decerpunt
1124 1358 1227 1420 flores

277 1502 381 1574 atque
417 1493 505 1556 intra
539 1503 632 1555 tecta
668 1490 904 1573 comportant'
956 1491 1054 1573 Quae
1089 1503 1228 1555 secutus

277 1628 408 1689 Plinius
432 1630 476 1690 de
500 1628 617 1708 apium
641 1627 712 1689 fetu
737 1625 785 1689 ita
809 1627 927 1689 scribit
951 1626 1004 1707 (N.
1016 1626 1060 1687 H.
1080 1625 1144 1700 XI,
1162 1626 1227 1706 16):

278 1760 415 1834 ,Plures
450 1762 696 1824 existimavere
736 1769 897 1841 oportere
933 1759 1055 1823 confici
1089 1759 1229 1822 floribus

279 1895 479 1975 compositis
505 1902 587 1976 apte
612 1904 716 1975 atque
739 1893 884 1957 utiliter!

345 2055 445 2117 Haec
470 2055 592 2128 omnia,
618 2076 707 2136 quae
728 2065 866 2117 veteres
888 2057 932 2117 de
956 2056 1072 2136 apium
1096 2055 1230 2138 origine

280 2188 538 2261 existimabant,
577 2201 661 2270 apta
694 2199 791 2252 erant
831 2209 921 2269 quae
954 2209 975 2250 a
1006 2189 1229 2270 scriptoribus

280 2342 393 2383 rerum
415 2323 607 2384 divinarum
629 2333 664 2384 et
684 2322 950 2404 symbolicarum
972 2322 1167 2384 christianis
1184 2322 1231 2404 (ut

280 2475 301 2516 a
319 2455 500 2518 Lactantio
517 2456 542 2530 Ι,
557 2461 586 2527 8,
600 2457 630 2535 8)
655 2456 883 2518 incarnationi
906 2455 1002 2517 verbi
1026 2455 1085 2517 ie.
1107 2452 1232 2517 Christi

280 2589 369 2648 ortui
394 2599 685 2670 compararentur.
709 2624 751 2634 -

350 2732 568 2829 Quamquam
592 2768 687 2829 apeS,
711 2748 820 2810 mellis
838 2748 1024 2829 colligendi
1042 2766 1148 2810 causa
1170 2749 1232 2811 cir·

282 2902 360 2944 cum
387 2879 490 2943 flores
519 2882 719 2956 volitantes,
749 2901 866 2943 eorum
896 2901 943 2943 ex
973 2881 1109 2943 doliolis
1137 2864 1234 2943 nasci

281 3014 516 3095 pulcherrima
539 3035 580 3076 ac
602 3015 705 3076 valde
729 3014 867 3095 poetica
892 3023 945 3076 est
969 3014 1094 3095 opinio
1118 3023 1234 3076 tamen

283 3148 394 3209 minus
418 3147 571 3228 vulgaris
601 3148 688 3209 haec
713 3158 799 3222 erat,
829 3168 932 3228 quam
956 3147 1028 3221 illa,
1056 3169 1125 3228 qua
1148 3167 1234 3228 apes

283 3303 330 3343 ex
349 3289 497 3362 'corpore
519 3281 647 3342 bubulo
669 3281 863 3362 putrefacto
884 3281 1023 3362 genitas
1041 3301 1119 3343 esse
1136 3292 1234 3361 puta·

284 3416 395 3477 batur.

352 3545 451 3627 Quae
485 3546 601 3610 fabula
635 3568 704 3610 non
738 3548 880 3609 multum
915 3548 960 3608 ab
995 3546 1071 3608 aliis
1107 3543 1234 3617 differt;

1026 3669 1058 3719 2*
