3014 4522
524 605 742 671 479*

218 780 375 868 ,Ἀμύντας
396 779 429 847 έν
448 787 496 865 τῷ
515 783 632 867 πρώτῳ
652 788 716 847 τῶν
736 787 794 866 τῆς
815 776 926 860 Ἀσίας
946 780 1110 864 Σταθμῶν

155 915 223 1000 περὶ
248 921 306 979 τοῦ
328 909 529 998 ἀερομέλιτος
557 913 755 996 καλουμένου
780 912 1004 996 διαλεγόμενος
1030 907 1110 996 γρά-

155 1067 207 1129 φει
235 1040 350 1124 οὕτως·
384 1043 454 1121 ,σὺν
475 1051 540 1124 τοῖς
565 1031 697 1128 φύλλοις
724 1042 884 1129 δρέποντες
905 1042 1110 1106 συντιθέασιν

156 1177 197 1254 εἰς
215 1172 370 1261 παλάθης
384 1176 540 1259 Συριακῆς
558 1173 670 1258 τρόπον
689 1170 893 1251 πλάττοντες,
915 1171 943 1236 oi
963 1171 996 1235 δὲ
1015 1171 1110 1256 σφαί-

156 1327 214 1390 ρας
234 1309 421 1384 ποιοῦντες]

221 1456 393 1520 Aelianus
428 1465 544 1520 autem
579 1476 642 1519 sua
674 1455 822 1519 fortasse
855 1457 923 1519 hoc
958 1477 1004 1520 ex
1031 1459 1110 1520 loco

156 1590 315 1656 Senecae
346 1591 461 1656 hausit
490 1592 565 1673 (Ep.
583 1591 653 1672 84):
691 1590 815 1663 ‚Aiunt
844 1591 988 1654 inveniri
1016 1593 1111 1674 apud

155 1727 260 1792 Indos
295 1726 365 1789 mel
398 1727 434 1788 in
469 1727 674 1789 arundinum
704 1725 807 1800 foliis,
843 1727 936 1808 quod
965 1736 1025 1789 aut
1053 1747 1111 1789 ros

154 1864 246 1926 illius
271 1862 361 1925 caeli
385 1872 443 1924 aut
466 1860 575 1943 ipsius
599 1859 775 1922 arundinis
799 1861 921 1923 humor
942 1861 1051 1924 dulcis
1076 1872 1111 1924 et

155 1997 318 2078 pinguior
335 1995 478 2082 gignat’.
498 1992 790 2074 -Quamobrem
816 1995 1005 2057 seeundum
1030 2014 1110 2056 eun-

156 2133 236 2193 dern
268 2139 447 2193 auctorem
472 2129 547 2210 (Ep.
567 2129 620 2207 85)
644 2136 723 2190 sunt
753 2128 886 2209 ,quibus
907 2130 1025 2210 placet
1042 2148 1111 2190 non

155 2262 306 2327 faciendi
330 2262 441 2324 mellis
465 2262 645 2325 scientiam
669 2261 792 2344 apibus
818 2282 905 2336 esse,
930 2265 994 2325 sed
1018 2262 1110 2325 colli·

155 2395 281 2479 gendi’.
301 2433 338 2443 -
359 2396 403 2458 Et
422 2396 605 2459 Petronius
631 2395 696 2478 (56)
721 2397 766 2458 de
789 2396 913 2476 apibus
937 2397 1002 2460 ait:
1028 2398 1110 2471 ,mel

155 2541 313 2593 vomunt:
349 2530 484 2593 etiamsi
514 2530 673 2593 dicuntur
700 2529 783 2593 illud
812 2551 833 2592 a
856 2531 940 2592 Iove
965 2528 1111 2598 afferre,

157 2662 256 2745 Quae
280 2665 453 2728 sententia
474 2701 513 2709 --
535 2665 639 2726 liceat
663 2664 762 2727 nobis
781 2665 957 2747 paululum
975 2664 1113 2745 digredi

159 2833 194 2843 —
223 2800 317 2880 apud
351 2800 500 2879 populos
537 2800 582 2861 ad
618 2799 872 2880 septentriones
911 2809 1112 2880 spectantes

157 2932 271 3014 magis
295 2932 435 3014 poetica
463 2932 536 2996 fuit.
582 2933 673 2995 Nam
702 2932 736 2994 in
759 2932 847 2994 libro
871 2932 1113 2995 Thomassonii

156 3066 359 3140 ‚Finnische
404 3063 639 3149 Mythologie'
683 3065 850 3149 inscripto
895 3066 1062 3147 (german.
1092 3085 1113 3126 a

157 3199 335 3263 Petersen.
359 3221 393 3282 p.
413 3201 466 3283 56)
501 3201 546 3263 ab
576 3221 645 3281 ape
676 3200 818 3282 petitur,
853 3210 891 3263 ut
926 3220 1031 3283 super
1061 3201 1111 3262 lu-

156 3353 235 3395 nam
276 3333 465 3416 stellasque
503 3354 614 3415 usque
659 3337 704 3397 ad
744 3355 846 3397 axem
888 3335 921 3396 in
961 3334 1112 3396 medium

157 3467 244 3529 caeli
273 3468 387 3531 locum
419 3477 585 3550 properet
613 3489 654 3530 ac
683 3469 750 3530 mel
779 3471 824 3530 de
853 3468 941 3530 cella
969 3468 1112 3551 penaria

156 3601 214 3663 Dii
237 3612 376 3682 promat
400 3603 443 3683 (v,
465 3602 523 3665 W.
541 3603 696 3676 Menzel„
720 3602 912 3665 vorchristi
934 3601 1111 3664 Unsterbl.
