3014 4522
535 574 775 635 *429⁴-

176 759 378 832 putrescere
415 769 563 832 corpora
591 771 658 813 non
688 751 798 818 sinat.’
850 754 948 837 Quae
977 757 1133 822 similiter

177 883 304 946 docent
331 883 556 948 Dioscorides
597 887 652 969 (de
678 895 758 950 mat.
785 889 907 954 medic,
935 891 983 965 H,
1006 891 1059 973 93)
1098 904 1132 957 et

176 1018 391 1100 Porphyrius
416 1021 472 1102 (de
488 1018 588 1084 Antr.
606 1020 646 1082 N.
665 1042 693 1086 c.
708 1021 802 1102 XV).
830 1060 867 1067 -—

243 1179 478 1262 Quamobrem
500 1181 625 1245 divites
646 1195 856 1247 mortuorum
877 1188 1131 1250 conservando·

175 1335 250 1378 rum
263 1299 369 1379 causa
381 1316 485 1378 melle
498 1317 543 1379 ad
554 1318 766 1399 sepulturam
778 1320 972 1383 utebantur.
994 1321 1131 1403 Paupe-

175 1449 269 1512 ribus
293 1469 377 1512 vero
401 1450 516 1531 aptius
540 1460 623 1526 erat,
647 1463 684 1515 ut
709 1471 857 1533 corpora
880 1455 1130 1518 comburerent.

177 1584 255 1667 Qua
282 1587 326 1648 de
350 1605 388 1648 re
412 1584 580 1648 Varronis
607 1586 721 1649 locum
748 1588 844 1669 apud
867 1587 1017 1650 Nonium
1040 1587 1131 1651 Mar·

176 1721 300 1783 cellum
315 1718 466 1801 legimus
483 1721 519 1800 (s.
534 1719 659 1783 nomin.
674 1717 844 1801 ,Vulgus'.
861 1740 894 1802 p.
907 1739 922 1781 2
928 1741 979 1798 30.
992 1741 1050 1799 ²31
1067 1720 1129 1786 M.:

243 1929 264 1955 ,.
285 1930 292 1944 .
311 1930 343 1944 ..
367 1879 575 1945 Heraclides
608 1881 772 1944 Ponticus
811 1882 890 1961 plus
926 1881 1032 1963 sapit,
1072 1881 1131 1963 qui

175 2015 364 2097 praecepit,
394 2025 432 2078 ut
456 2017 637 2096 (corpora),
651 2017 902 2090 comburerent,
931 2036 1035 2097 quarn
1058 2016 1129 2079 De·

175 2150 348 2224 mocritus,
366 2149 432 2231 qui,
456 2162 493 2213 ut
510 2150 612 2212 melle
629 2159 816 2224 servarent,
838 2170 941 2232 quern
958 2150 986 2212 si
1002 2151 1129 2231 vulgus

175 2298 315 2348 secutus
331 2294 434 2357 esset,
451 2303 595 2365 peream
616 2284 645 2345 si
662 2295 800 2347 centurn
818 2284 968 2347 denariis
985 2283 1129 2348 calicem

174 2419 275 2481 mulsi
299 2438 415 2481 emere
438 2416 630 2500 possimus’
656 2454 699 2463 —

241 2580 440 2661 Utcumque
462 2599 504 2640 ea
524 2599 580 2641 res
605 2598 643 2641 se
667 2578 795 2652 habuit,
820 2599 896 2642 mos
918 2587 1130 2642 mortuorum

174 2714 208 2776 in
231 2713 333 2777 melle
363 2713 641 2795 sepeliendorum
664 2720 886 2802 pervetustus
915 2722 968 2775 est
991 2731 1033 2774 ac
1056 2711 1129 2775 diu·

176 2847 308 2910 tissime
343 2847 498 2928 vigebat.
560 2846 634 2909 Iam
667 2846 840 2909 Homerus
879 2845 933 2908 his
970 2845 1130 2908 versibus

174 2981 283 3063 (Iliad.
301 2980 405 3055 XIX,
424 2981 494 3063 38):

216 3138 408 3224 ,Πατρόκλῳ
430 3139 456 3203 δ’
472 3139 534 3203 αὐτ
557 3134 728 3224 ἀμβροσίην
749 3137 807 3202 καὶ
828 3137 944 3221 νέκταρ
967 3133 1099 3222 ἐρυθρὸν

216 3266 316 3356 στάξε
337 3265 428 3333 κατὰ
451 3269 548 3354 ῥιγῶν,
567 3265 620 3333 ἵνα
642 3267 670 3333 oi
691 3268 779 3354 χρὼς
801 3265 929 3351 ἔμπεδος
952 3263 999 3351 εἴη
1011 3317 1018 3331 .
1031 3317 1037 3331 .
1050 3270 1065 3331 .’

173 3444 372 3509 Patroclum
396 3445 499 3508 melle
524 3444 700 3509 conditum
716 3441 825 3526 fingit,
852 3442 881 3505 si
896 3441 1129 3526 Porphyrium

173 3579 357 3661 sequimur,
384 3580 442 3661 qui
458 3581 525 3642 hac
544 3581 587 3642 de
603 3599 641 3641 re
665 3578 713 3641 ait
737 3578 780 3660 (v.
798 3578 818 3641 l.
832 3578 852 3640 l.
870 3596 984 3658 supra,
1008 3575 1068 3639 ubi
1085 3577 1129 3640 de

934 3700 949 3751 9
