3014 4522
642 608 861 673 433*

275 789 375 874 Quae
396 811 483 875 erga
500 793 624 855 ducem
640 791 753 874 pietas
777 790 894 873 apium
918 792 963 854 ad
985 789 1113 854 similes
1138 809 1229 854 com·

275 927 474 1010 parationes
496 926 707 1010 symbolicas
728 927 924 1008 complures
947 925 1034 988 alios
1053 925 1229 1001 excitavit,

275 1061 470 1144 exquibus
495 1059 667 1125 Senecam
692 1061 801 1122 solum
826 1057 950 1122 afferre
974 1062 1142 1136 volumus,
1171 1061 1231 1142 qui

276 1194 460 1260 clementia
493 1194 638 1277 regibus
672 1196 915 1258 commendata
947 1194 995 1257 ita
1024 1194 1091 1258 hac
1119 1196 1164 1256 de
1193 1214 1230 1256 re
1268 1266 1270 1270 ¹

275 1328 413 1394 disserit
436 1330 480 1413 (d.
499 1329 597 1392 clem.
615 1328 641 1403 I,
659 1327 727 1410 19):

344 1465 493 1539 ‚Natura
516 1463 606 1526 enim
631 1472 826 1526 commenta
849 1473 903 1527 est
926 1483 1064 1545 regem:
1089 1464 1181 1545 quod
1196 1473 1231 1526 et

277 1617 325 1660 ex
348 1598 424 1660 aliis
448 1597 654 1661 animalibus
677 1596 759 1660 licet
789 1617 1004 1679 cognoscere
1029 1608 1064 1660 et
1087 1618 1133 1658 ex
1157 1596 1230 1677 api-

274 1733 356 1794 bus:
383 1752 527 1813 quarum
550 1732 628 1814 regi
652 1731 901 1813 amplissimum
926 1732 1039 1794 cubile
1064 1744 1132 1806 est,
1160 1751 1230 1793 me·

277 1867 405 1948 dioque
422 1888 464 1931 ac
479 1867 651 1931 tutissimo
666 1867 753 1931 loco.
790 1867 979 1929 Praeterea
995 1887 1100 1930 onere
1116 1876 1231 1942 vacat,

276 2011 422 2064 exactor
445 2002 634 2064 alienorum
659 2021 819 2083 operum;
850 2011 885 2064 et
909 2002 1035 2064 amisso
1064 2021 1150 2083 rege
1179 2013 1231 2065 to·

222 2166 226 2177 =
275 2144 349 2198 tum
373 2135 536 2198 dilabitur
559 2156 723 2210 examen,
750 2156 815 2198 nec
843 2156 996 2225 unquam
1024 2136 1102 2217 plus
1125 2155 1230 2198 unum

276 2269 453 2350 patiuntur
479 2270 726 2351 melioremque
754 2289 875 2351 pugna
898 2279 1076 2351 quaerunt.
1123 2269 1230 2333 Prae·

276 2414 375 2465 terea
395 2403 540 2486 insignis
561 2405 638 2487 regi
659 2403 769 2468 forma
790 2415 852 2480 est,
873 2404 1117 2486 dissimilisque
1139 2413 1231 2466 cete·

277 2535 337 2615 ris,
368 2546 442 2599 tum
470 2539 721 2620 magnitudine,
756 2548 829 2601 tum
856 2539 981 2613 nitore,
1017 2539 1084 2601 hoc
1115 2545 1231 2600 tamen

276 2671 429 2734 maxime
446 2670 676 2754 distinguitur.
712 2672 1001 2735 Iracundissimae
1018 2692 1059 2735 ac
1076 2692 1139 2754 pro
1157 2693 1230 2734 cor-

276 2804 371 2884 poris
393 2815 498 2886 captu
513 2805 794 2888 pugnacissimae
820 2817 898 2870 sunt
922 2828 1008 2889 apes
1032 2817 1068 2870 et
1091 2809 1231 2870 aculeos

276 2938 311 2999 in
328 2939 470 3002 vulnere
496 2939 709 3022 relinquunt:
733 2962 798 3003 rex
821 2941 897 3023 ipse
922 2941 996 3004 sine
1020 2943 1141 3004 aculeo
1165 2952 1229 3004 est.

277 3070 393 3135 Noluit
416 3072 510 3136 illum
533 3084 656 3137 natura
683 3095 749 3138 nec
773 3096 916 3138 saevum
941 3096 1019 3138 esse
1048 3095 1112 3138 nec
1133 3077 1230 3139 ultio-

278 3224 357 3267 nem
385 3227 514 3290 magno
543 3216 778 3272 constaturam
802 3218 940 3290 petere:
972 3211 1148 3291 telumque
1173 3211 1231 3270 de·

279 3340 383 3403 traxit
404 3354 440 3405 et
459 3342 545 3404 iram
563 3342 636 3405 eius
658 3342 823 3405 inermem
839 3343 985 3424 reliquit.
1021 3343 1231 3424 Exemplum

280 3473 345 3534 hoc
369 3476 505 3557 magnis
528 3477 672 3558 regibus
695 3475 820 3557 ingens
844 3474 916 3540 est!

347 3607 417 3669 Alii
449 3622 609 3673 auctores
640 3620 753 3672 utrum
784 3631 849 3672 rex
880 3611 997 3691 apium
1034 3610 1231 3684 ,maiestate

1041 3732 1053 3781 3
