3014 4522
775 615 829 654 ›u-
865 596 994 662 52«-

407 768 446 840 ἐὶν
469 778 626 861 (Drusus)
649 772 706 838 καὶ
727 773 782 839 τὀν
797 771 998 860 Οὑὶσουργον,
1021 775 1047 840 εἰ
1066 773 1110 861 μή
1125 780 1191 841 τῶν
1205 796 1242 840 τε
1257 775 1363 860 ἐπιτη-

405 908 495 974 δείων
516 906 672 987 ἐστάνισε,
694 909 783 974 καὶὸ
798 910 918 994 χειμὼν
933 907 1059 994 ἐνέστη·
1081 910 1140 975 καί
1153 932 1191 975 τε
1209 911 1267 977 καὶ
1281 916 1362 995 opii*

405 1061 455 1120 νος
476 1037 508 1105 ἐν
530 1040 805 1126 τῷστρατοπέδῳ
828 1040 928 1106 αὐτοῦ
951 1038 1066 1127 ὤφθη·
1085 1040 1159 1106 ὀὔτ’
1182 1042 1233 1109 οὖν
1255 1065 1361 1128 περαι-

404 1171 487 1256 τέρα)
521 1166 573 1235 διὰ
605 1178 715 1236 ταῦτα
748 1171 968 1257 προεχώρησε,
1004 1171 1062 1237 καὶ
1094 1170 1126 1253 ἐς
1162 1173 1220 1260 τὴν
1252 1175 1361 1258 φιλίαν

405 1296 671 1389 ἀνακομιζόμενος
707 1302 811 1381 δεινῶς
847 1299 1132 1373 &militinensem
1166 1301 1232 1390 γὰρ
1267 1305 1361 1369 πολέ-

403 1454 465 1516 μιοι
498 1429 609 1512 ἄλλως
637 1454 674 1496 τε
701 1430 836 1518 ἐνέδραις
868 1433 965 1499 αὑτὸν
996 1431 1170 1501 ἐκάκωσαν
1197 1436 1255 1500 καί
1283 1456 1360 1500 ποτε

403 1561 435 1643 ἐς
457 1564 565 1629 στενὸν
593 1563 649 1628 καὶ
669 1564 775 1629 nudior
801 1565 918 1649 χωρίον
945 1566 1221 1644 κατακλείσαντες
1249 1565 1360 1650 ὀλίγου

346 1763 348 1766 ⁴
403 1694 601 1780 διέφθειραν.’

469 1843 627 1906 Examen
644 1843 761 1926 apium
776 1843 883 1924 igitur
899 1844 963 1907 has
979 1843 1121 1908 insidias
1138 1845 1358 1928 portendisse

402 1979 598 2058 putabatur.
646 1974 747 2057 Quod
770 1978 979 2060 prodigium,
1003 1978 1224 2042 coniecturae
1246 1978 1357 2042 falsae

401 2111 611 2174 reiiciendae
628 2130 743 2185 causa,
768 2129 815 2172 ex
831 2109 1057 2193 Obsequente
1074 2132 1212 2194 quoque
1229 2110 1357 2176 afferre

401 2245 568 2319 volumus,
593 2245 652 2327 qui
676 2247 715 2329 (c.
734 2246 806 2327 132)
831 2245 933 2310 dicit:

468 2394 522 2468 ‚In
543 2392 731 2458 Germania
755 2394 788 2456 in
811 2395 933 2458 castris
950 2394 1055 2487 Drusi
1079 2415 1228 2459 examen
1253 2416 1357 2477 apum

401 2527 434 2591 in
470 2530 695 2593 tabernaculo
725 2528 853 2593 Hostili
883 2529 994 2593 Rutili
1028 2529 1198 2611 praefecti
1227 2540 1356 2593 castro·

400 2683 474 2725 rum
492 2663 657 2737 consedit,
682 2664 730 2727 ita
750 2673 788 2725 ut
810 2662 927 2726 funem
943 2666 1232 2745 praetendentem
1255 2685 1356 2746 prae-

400 2795 576 2878 fixamque
600 2798 747 2861 tentorio
768 2799 927 2861 lanceam
951 2799 1228 2879 amplecteretur.
1269 2799 1357 2862 Mul·

399 2917 509 2994 titudo
541 2931 781 2995 Romanorum
815 2953 878 3014 per
914 2932 1054 2996 insidias
1090 2934 1247 2997 subiecta
1283 2936 1357 2998 est.'

399 3062 498 3145 Quae
519 3065 639 3128 ultima
659 3068 768 3129 verba
788 3067 841 3129 vir
857 3068 981 3132 doctus
1002 3068 1142 3149 quidam
1164 3069 1231 3132 hoc
1252 3070 1356 3132 modo

399 3200 561 3263 mutavit:
606 3201 805 3274 ,Multitudo
840 3223 904 3285 per
939 3199 1081 3265 insidias
1115 3203 1355 3267 Romanorum

399 3334 555 3398 subiecta
595 3334 668 3399 est.'
731 3334 843 3417 Quam
883 3338 1068 3416 perverse!
1124 3334 1232 3417 Quasi
1271 3356 1355 3400 vero

398 3490 483 3550 apes
513 3468 684 3532 fortunam
720 3472 941 3552 portendant,
978 3492 1056 3534 cum
1085 3471 1153 3535 Dio
1188 3492 1353 3553 magnam

397 3603 597 3666 insidiarum
621 3604 854 3667 calamitatem
876 3606 920 3667 ab
941 3605 982 3666 iis
998 3607 1275 3688 praenuntiatam
1300 3627 1353 3670 re·
