3014 4522
765 607 984 673 *364-

396 809 463 870 que
494 789 528 852 in
550 788 774 852 Artemidoro
804 791 848 852 de
872 789 1011 871 apibu5‚
1048 779 1135 872 q'uas
1164 790 1354 873 imperator

396 922 520 1004 aliquis
531 921 666 987 futurus
684 923 791 1005 capiti
807 944 870 987 suo
885 922 1037 987 insidere
1054 925 1246 1000 somniavit,
1264 927 1353 988 haec

394 1055 546 1138 legimus
570 1055 786 1139 (Oneirocrit.
803 1056 844 1131 H,
861 1055 931 1137 22):

458 1205 750 1292 ,Ἐπιπαθεζὸμεναι
771 1205 805 1269 δὲ
831 1208 940 1291 (apes)
963 1209 1004 1289 τῇ
1028 1209 1158 1292 κεφαλῇ
1178 1213 1236 1272 τοῦ
1258 1208 1353 1292 δρῶν-

395 1361 457 1418 τος,
479 1347 715 1425 στρατηγοῦντι
729 1339 784 1424 μὲν
799 1339 857 1404 καὶ
875 1339 1113 1426 δημιουργοῦντι
1128 1335 1269 1427 ἀγαθαί,
1288 1347 1353 1420 τοῖς

396 1469 430 1532 δὲ
448 1465 559 1548 ἀλλοις
574 1470 722 1554 πονηραί.
755 1474 800 1537 Et
819 1474 854 1536 in
869 1474 1057 1538 Achmetio
1078 1476 1122 1538 de
1144 1475 1353 1538 somniorum

396 1608 595 1671 coniectura
634 1608 814 1688 Indorum,
849 1609 1052 1684 Persarum,
1091 1609 1353 1692 Aegyptiorum

396 1741 485 1803 haec
497 1741 647 1823 legimus
664 1741 880 1825 (Oneirocrit.
895 1763 922 1805 c.
938 1741 1031 1822 284):
1060 1734 1140 1817 ,Ὲάν
1159 1735 1211 1824 ἴδη
1235 1759 1281 1817 τις
1303 1737 1353 1802 ὅτι

396 1869 464 1955 εὗρε
489 1870 632 1956 βαράδιν,
659 1872 697 1957 ἣν
719 1870 872 1956 εὐπόρησε
896 1873 1056 1955 μελισσῶν
1078 1868 1214 1958 ἡμέρων·
1248 1873 1274 1936 εί
1295 1871 1352 1955 μέν
1404 1843 1407 1850 ¹

395 2000 465 2064 ἐστι
485 2003 628 2087 πτωχὸς,
654 2001 839 2086 πλουτησει,
857 2002 893 2066 ἐἴ
915 2002 948 2066 δὲ
976 2002 1125 2087 μέγιστος
1150 1999 1172 2086 η
1194 2001 1351 2088 βασιλευς,

395 2128 519 2215 εὑρήσει
543 2132 623 2197 λαδν
646 2133 688 2211 είς
710 2131 854 2197 δουλείαν
875 2132 933 2196 καὶ
959 2133 1000 2212 είς
1026 2131 1156 2218 κομιδὴν
1178 2131 1213 2221 ἐξ
1235 2132 1351 2210 αὐτῶν,

395 2256 566 2347 ἀναλόγως
585 2268 643 2346 της
663 2260 818 2347 ἐργασίας
836 2268 900 2327 τῶν
923 2265 1091 2347 μελισσῶν.
1125 2264 1163 2328 Εἴ
1182 2264 1216 2327 δὲ
1232 2261 1284 2348 ἴδη
1304 2262 1369 2328 ὅτι»

393 2392 499 2475 κηρίον
519 2393 644 2475 μέλιτος
667 2391 759 2476 εὗρεν,
787 2391 910 2478 εὑρησει
931 2396 1067 2460 πλοῦτον
1087 2393 1211 2480 γλυκὺν
1230 2390 1265 2481 ἐξ
1285 2389 1353 2457 ἑτέ-

395 2542 456 2604 ριυν
478 2523 591 2587 τόπων.
634 2519 705 2586 Ἐὰν
724 2522 778 2609 ἴδη
801 2525 818 2588 ὁ
839 2523 989 2610 βασιλεὺς
1010 2521 1031 2608 ἢ
1054 2522 1275 2614 ἑξουσιαστής,
1303 2523 1353 2588 ὅτι

393 2654 578 2734 μελισσῶνα
606 2652 691 2738 ἔχων
725 2648 874 2719 ἀπώλετο
896 2655 913 2720 ὁ
935 2655 1108 2738 μελισσών,
1136 2654 1266 2733 δούλους
1288 2652 1352 2717 ἑπι-

393 2785 510 2868 κερδεῖς
537 2779 702 2863 ἀπολέσει,
731 2785 805 2870 οὐχὶ
834 2787 1026 2871 σρατιώτας.
1069 2784 1201 2869 Ὁμοίοις
1223 2780 1280 2848 ἑὰν
1299 2781 1352 2868 ἴδη

393 2914 441 2978 δτι
463 2922 603 2980 τοιοῦτον
624 2905 810 2998 μελισσῶνα
838 2915 921 3001 εὗρε,
950 2916 1080 2995 δούλους
1106 2913 1230 2999 εὑρήσει
1250 2913 1352 2979 τοιου-

393 3067 474 3123 τους.
496 3041 598 3130 ἡγὰρ
618 3046 758 3129 μέλισσα
778 3047 819 3125 είς
842 3046 952 3112 δοῦλον
974 3043 1119 3131 ἑπινιερδη
1140 3045 1296 3130 κρίνεται.
1309 3082 1349 3090 -

461 3195 556 3279 Quas
578 3201 623 3261 ad
640 3199 856 3262 coniecturas
872 3200 1072 3280 probandas
1088 3199 1124 3260 hi
1141 3197 1349 3261 somniorum

393 3333 601 3414 interpretes
625 3332 832 3416 Dionysium
858 3342 943 3396 natu
972 3333 1137 3395 maiorem
1161 3315 1351 3414 'praeclaro

393 3470 601 3532 documento
627 3467 690 3530 sibi
712 3467 843 3530 habere
860 3477 1055 3548 potuerunt,
1079 3466 1137 3548 qui
1158 3466 1277 3528 humili
1298 3478 1348 3530 at-

393 3623 460 3684 que
485 3604 633 3665 obscuro
649 3603 726 3664 loco
750 3611 852 3664 natus
876 3600 1220 3683 quadringentesimo
1245 3611 1348 3663 sexto
