3014 4522
785 564 1002 628 aso*

418 770 449 812 a.
463 747 541 812 Chr.
555 747 598 828 n.)
623 747 842 811 commissam
870 745 905 807 in
934 745 1055 809 castris
1079 744 1180 809 Cassi
1211 747 1257 808 ad
1280 743 1370 808 Pan·

417 903 546 966 gaeum
567 881 639 945 sitis
656 882 753 945 varia
767 881 930 963 prodigia
953 882 1080 942 malum
1104 891 1268 944 eventum
1290 900 1370 962 por·

417 1019 609 1081 tenderunt.
676 1014 829 1097 Quorum
873 1015 1122 1078 enumerationi
1162 1015 1370 1078 Plutarchus

417 1151 474 1234 (M.
493 1152 620 1214 Brutus
645 1151 697 1232 39)
724 1152 772 1213 ita
795 1148 898 1213 finem
921 1148 1022 1211 facit:

481 1294 550 1372 ,καὶ
575 1295 734 1377 μελισσῶν
761 1291 923 1377 ὤφθησαν
950 1291 1039 1376 ἑσμοὶ
1063 1289 1282 1377 συνιστάμενοι
1302 1275 1371 1376 περὶ

416 1424 510 1489 τύπον
524 1421 595 1489 τινὰ
616 1432 673 1489 τού
695 1422 842 1510 χάρακος
864 1421 958 1502 ἐντὸς,
980 1421 1013 1486 ὃν
1035 1419 1220 1510 ἐξέκλεισαν
1242 1423 1271 1486 οἰ
1292 1419 1370 1505 μάν-

415 1576 486 1635 τεις,
509 1552 729 1640 ἀφοσιούμενοι
753 1552 811 1639 τὴν
832 1554 1069 1637 δεισιδαιμονίαν
1089 1551 1216 1640 ἀτρέμα
1237 1552 1370 1619 καὶτὸν

416 1683 556 1750 Κάσσιον
572 1685 668 1751 αύτδν
683 1683 900 1769 ὑποφέρουσαν
916 1683 954 1749 ἐν
972 1691 1038 1749 τῶν
1053 1686 1235 1772 Ἐπικούρου
1251 1687 1368 1770 λόγοιν,

414 1816 488 1894 τοὺς
510 1815 544 1879 δὲ
566 1816 770 1901 στρατιώτας
791 1812 978 1879 παντάπασι
999 1817 1249 1902 δεδουλωμένην]

480 1957 600 2039 Atque
636 1956 776 2021 Cassius
811 1995 849 2002 -
884 1959 1025 2022 minime
1052 1961 1186 2035 'mirum
1225 1960 1260 2023 id
1296 1961 1368 2043 qui·

416 2095 495 2155 dem
519 2128 561 2137 -
585 2093 630 2152 ab
647 2091 801 2154 Antonio
825 2091 937 2155 victus
962 2105 1024 2158 est.
1060 2093 1134 2157 Nec
1157 2114 1250 2168 vero,
1274 2096 1368 2176 quod

414 2226 541 2289 Brutus
580 2225 614 2287 in
659 2225 767 2289 altero
810 2245 916 2289 cornu
956 2218 1141 2290 Octavium
1180 2227 1368 2310 superavit,

414 2358 534 2422 Cassio
550 2357 686 2442 profuit,
712 2379 789 2422 cum
805 2357 929 2421 falsum
945 2368 1089 2441 propter
1103 2361 1259 2424 nuntium
1279 2381 1368 2424 mor-

413 2507 483 2557 tem
499 2514 520 2555 a
537 2513 638 2557 servo
656 2503 780 2574 sponte
796 2495 1001 2575 accepisset.
1036 2495 1189 2558 Exitium
1211 2496 1317 2578 igitur
1336 2496 1368 2559 ei

412 2627 582 2691 nuntiavit
602 2647 750 2690 examen
774 2627 890 2709 apium
915 2628 958 2710 (v.
983 2638 1026 2691 et.
1051 2630 1224 2710 quomodo
1240 2630 1364 2693 Florus

413 2761 502 2842 Epit.
522 2761 583 2835 IV,
604 2781 619 2822 2
643 2772 677 2824 et
700 2760 884 2844 Appianus
903 2763 923 2825 l.
937 2762 957 2824 l.
976 2762 1037 2835 IV,
1056 2784 1116 2842 134
1141 2774 1176 2827 et
1196 2763 1264 2827 Dio
1281 2761 1364 2827 Cas·

413 2896 482 2957 sius
506 2893 657 2968 XLVII,
676 2916 717 2973 40
742 2907 775 2959 et
800 2875 1007 2977 Obsequens
1036 2916 1144 2974 c.130
1172 2900 1262 2961 hanc
1290 2918 1364 2961 rem

411 3027 581 3108 tractent).

478 3161 580 3242 Quod
623 3173 820 3243 portentum
866 3163 971 3226 etiam
1018 3163 1119 3245 signa
1161 3164 1259 3228 Bruti
1301 3186 1363 3248 ap·

411 3297 578 3378 petivisse
607 3295 813 3360 Plutarchus
847 3296 895 3361 ita
922 3297 1027 3361 refert
1055 3298 1115 3379 (M.
1136 3298 1264 3362 Brutus
1291 3300 1362 3382 48):

410 3427 555 3504 ,Πύπλισς
571 3426 604 3489 δὲ
619 3426 812 3511 Βολούμνιος,
833 3423 911 3512 ἀνὴρ
930 3428 1101 3512 φιλόσοφος
1118 3429 1176 3493 καὶ
1190 3451 1364 3514 συνεστρα-

410 3558 555 3640 τευμένος
583 3553 635 3620 ἀπ’
660 3554 763 3642 ἀρχῆς
785 3560 927 3643 Βρούτῳ,
957 3566 1052 3624 τούτο
1080 3559 1135 3641 μὲν
1158 3559 1194 3624 ού
1215 3559 1318 3645 λέγει.
1326 3561 1364 3626 τὸ
