3014 4522
751 589 992 652 *1024

394 756 574 840 ἀκούουσιν,
600 760 657 826 καὶ
682 765 810 848 πότερον
836 763 872 828 δι’
898 759 1010 850 ἡδονὴν
1035 771 1131 830 τοῦτο
1156 770 1300 841 ποιοῦσιν,
1327 759 1348 847 ἣ

395 887 447 956 διὰ
468 891 581 978 φόβον]
604 931 645 940 -

464 1038 509 1100 Et
525 1039 607 1101 alibi
624 1040 669 1120 (p.
684 1043 748 1120 980
760 1040 791 1102 B
806 1061 845 1120 24
859 1042 913 1103 ed.
926 1039 1097 1126 Bekker):
1113 1031 1211 1117 ,...τὰ
1226 1035 1336 1124 ζῷα...

396 1169 459 1234 ὅσα
477 1168 521 1254 μὴ
537 1169 671 1234 δύναται
684 1175 749 1236 τῶν
765 1170 876 1258 ψόφων
892 1167 1024 1251 ἀκούειν,
1039 1169 1101 1238 οἷον
1115 1173 1298 1258 lenimen..
1311 1214 1351 1220 —

397 1304 488 1367 Nam
502 1303 616 1366 Varro
633 1306 721 1369 haec
739 1305 788 1369 ait
804 1305 858 1388 (R.
873 1307 919 1371 R.
936 1307 999 1383 III,
1017 1311 1064 1382 16,
1081 1307 1129 1389 7):
1154 1328 1350 1389 ,...apes...

398 1458 573 1501 musarum
609 1460 687 1502 esse
721 1441 879 1504 dicuntur
909 1435 1083 1516 volucreS,
1119 1443 1225 1524 quod,
1262 1451 1297 1504 et
1326 1441 1354 1504 si

399 1573 538 1654 quando
568 1573 773 1655 displicatae
800 1583 892 1648 sunt,
922 1575 1092 1658 cymbalis
1117 1584 1152 1639 et
1174 1575 1354 1659 plausibus

398 1727 544 1770 numero
566 1710 737 1773 reducunt
760 1709 924 1773 inlocum
947 1711 1072 1773 unum?
1098 1710 1141 1791 (v.
1159 1721 1202 1774 et.
1220 1709 1355 1793 Vergil.

401 1838 530 1923 Georg.
543 1840 604 1916 IV,
619 1847 670 1922 64,
684 1863 745 1922 150
754 1865 845 1926 sqq.;
864 1840 966 1908 Ovid.
979 1845 1073 1908 Fast.
1086 1845 1147 1917 HI,
1160 1864 1176 1925 7
1181 1867 1239 1926 39;
1256 1844 1356 1909 Colu-

401 1974 490 2036 mell.
512 1974 576 2050 IX,
594 1981 679 2053 5103
706 1999 754 2052 12,
770 1984 785 2055 5
802 2000 836 2055 23
859 1979 991 2044 Lucan.
1007 1980 1087 2042 bell.
1105 1978 1169 2042 civ.
1193 1978 1258 2052 IX,
1277 1983 1356 2058 283;

401 2109 487 2172 Plin.
505 2110 546 2172 N.
558 2109 603 2173 H.
620 2109 684 2185 XI,
704 2132 760 2186 223
790 2111 1108 2188 Declamationum,
1139 2132 1229 2195 quae
1253 2108 1357 2192 Quin-

402 2243 523 2307 tiliano
547 2245 818 2322 ascribebantur,
845 2246 945 2327 XIII,
965 2269 993 2326 3,
1012 2269 1047 2328 9;
1071 2245 1239 2311 Claudian
1256 2247 1288 2310 d.
1306 2246 1358 2309 VI

405 2399 497 2442 cons.
514 2378 645 2442 Honor,
670 2401 686 2442 2
692 2400 749 2461 593
779 2377 969 2461 Didymum
993 2376 1028 2439 in
1052 2374 1163 2458 Geop.
1180 2376 1254 2439 libr.
1276 2374 1359 2449 XV,

405 2536 439 2594 3,
460 2519 475 2591 5
495 2531 527 2594 7,
556 2515 615 2597 qui
643 2535 729 2597 apes
759 2513 886 2596 partim
913 2520 1045 2574 terrore
1074 2510 1201 2594 partim
1229 2509 1360 2593 gaudio

406 2656 583 2733 permotas
607 2647 768 2732 cymbala
793 2647 891 2729 sequi
914 2655 1046 2728 putant.
1090 2642 1222 2708 Omnes
1246 2653 1362 2707 autem

408 2783 563 2847 auditum
587 2783 704 2866 apium
727 2790 913 2856 testantur3
944 2779 1032 2842 sicut
1059 2779 1196 2843 litterae
1219 2786 1362 2842 sanctae

408 2920 444 2983 in
456 2919 585 3001 Proph.
598 2918 711 2982 Isaiae
719 2917 797 2991 VH,
809 2919 857 2994 18,
870 2923 975 2998 atque
987 2915 1024 2977 hi
1035 2913 1119 2977 loci:
1132 2912 1246 2976 Varro
1258 2911 1304 2975 R.
1317 2910 1363 2976 R.

409 3055 474 3132 III,
497 3059 545 3130 16,
570 3074 623 3129 123
654 3052 787 3136 Vergil.
805 3050 934 3133 Georg.
956 3049 1018 3125 IV,
1040 3069 1118 3129 119;
1147 3046 1277 3111 Colum.
1299 3046 1365 3122 IX,

412 3209 441 3269 5,
460 3195 496 3266 ω
519 3150 605 3252 nnn.
629 3188 669 3251 N.
683 3188 727 3251 H.
747 3186 812 3263 xi,
827 3207 884 3262 213
916 3184 1093 3248 Palladius
1116 3182 1175 3246 nb.
1198 3182 1229 3257 Ι,
1244 3181 1292 3245 lit.
1315 3200 1366 3262 37,

412 3325 470 3406 qui
494 3343 580 3404 apes
603 3321 791 3404 imaginem
814 3320 912 3384 vocis
940 3318 1061 3382 odisse.
1085 3321 1299 3398 memorant).
1323 3352 1366 3361 —

480 3459 599 3541 Atque
616 3456 785 3534 Aelianus
806 3455 931 3536 apibus
952 3446 1120 3533 ,φιλῳδίαν
1139 3444 1198 3511 καὶ
1218 3446 1368 3529 emaum

414 3591 502 3657 σίαν’
525 3592 680 3657 attribuit
703 3599 739 3655 et
762 3589 858 3654 addit
884 3587 940 3673 (A.
952 3588 996 3651 H.
1010 3588 1053 3663 V,
1071 3585 1120 3669 13)
1144 3586 1249 3648 haec:
