3014 4522
773 615 991 677 *44*

404 814 435 856 a.
449 791 527 855 Chr.
540 792 584 874 n.)
609 790 761 855 Siciliam
786 793 972 876 occupavit
996 802 1031 856 et
1052 815 1073 856 a
1087 794 1257 878 Dionysio
1276 815 1360 877 poe·

404 948 468 989 nas
497 926 636 1008 petivit,
667 936 784 990 tamen
812 949 895 991 mox
923 948 944 991 a
971 928 1108 992 fortuna
1137 929 1295 992 desertus
1326 939 1361 992 et

404 1071 484 1143 post
513 1081 661 1144 regnum
689 1063 797 1126 breve
826 1063 1130 1145 turbulentumque
1159 1063 1361 1128 interfectus

406 1206 460 1259 est
484 1196 526 1278 (v.
543 1195 646 1258 Dion.
663 1216 692 1259 c.
707 1196 768 1278 57).
796 1232 836 1241 -

472 1329 525 1393 lta
548 1330 667 1394 Livius
696 1332 740 1393 de
764 1350 885 1412 pugna
912 1331 1065 1413 equestri
1093 1351 1114 1394 a
1137 1330 1302 1414 Scipione
1326 1344 1362 1396 et

404 1464 602 1528 Hannibale
633 1463 693 1547 (A0
708 1462 890 1528 CCXVIII
919 1486 949 1528 a.
963 1464 1040 1529 Chr.
1055 1464 1099 1546 n.)
1131 1467 1176 1528 ad
1204 1465 1362 1530 Ticinum

407 1599 592 1662 commissa
616 1600 704 1661 haec
728 1597 832 1662 tradit
856 1597 971 1679 (XXI,
988 1598 1061 1680 46):

475 1733 592 1815 ‚Apud
605 1733 786 1796 Romanos
799 1734 1069 1815 haudquaquam
1085 1741 1183 1796 tanta
1199 1734 1363 1798 alacritas

407 1877 490 1944 erat,
515 1888 620 1951 super
636 1875 753 1930 cetera
768 1868 968 1931 recentibus
992 1867 1096 1931 etiam
1120 1868 1259 1932 territos
1283 1888 1362 1951 pro·

408 2002 530 2085 digiis:
559 2022 728 2067 nam..
754 2022 903 2065 examen
927 2023 1031 2085 apum
1054 2002 1089 2064 in
1114 2004 1238 2066 arbore
1262 2024 1363 2086 prae·

409 2136 498 2200 torio
522 2137 722 2200 imminente
747 2137 978 2201 consederat’.
996 2175 1036 2182 —
1055 2135 1255 2220 Scipionem
1279 2158 1363 2200 vero

407 2272 555 2354 posthac
575 2271 794 2334 vulneratum
815 2270 1014 2353 victumque
1039 2291 1117 2334 esse
1146 2273 1240 2334 haud
1263 2274 1363 2355 igno·
1452 2260 1455 2265 ¹

407 2417 479 2470 tum
503 2417 565 2470 est.
588 2439 630 2450 -

475 2538 595 2604 Simile
630 2538 827 2622 prodigium
862 2495 1044 2619 Flaminio,
1080 2550 1267 2622 antequam
1300 2561 1363 2622 pu·

408 2694 515 2756 gnam
551 2694 629 2737 cum
656 2673 854 2736 Hannibale
889 2674 934 2736 ad
962 2673 1215 2737 Trasumenum
1249 2674 1363 2736 lacum

409 2806 469 2890 (A0
490 2806 655 2871 CCXVII
683 2828 711 2870 a.
732 2806 810 2870 Chr.
828 2806 872 2889 n.)
910 2807 1154 2883 committeret,
1190 2807 1362 2891 apparuit.

408 2939 486 3022 Qua
502 2943 546 3003 de
562 2961 600 3003 re
617 2940 741 3003 Florus
765 2941 832 3022 (ed.
849 2941 955 3005 Halm
970 2943 1013 3018 Π,
1030 2946 1060 3017 6,
1077 2943 1144 3023 14):
1169 2942 1363 3016 ,Imminen

408 3042 503 3148 tem’,
530 3073 652 3156 inquit,
681 3075 880 3150 ,temerario
905 3076 983 3139 duci
1008 3075 1200 3160 (Flaminio)
1228 3076 1365 3140 cladem

408 3208 658 3291 praedixerant
679 3207 863 3270 insidentia
887 3204 995 3289 signis
1019 3203 1263 3269 examina’..<.
1279 3241 1319 3250 —-

476 3341 581 3405 Anno
605 3341 764 3424 sequenti
788 3341 826 3404 L.
846 3339 1017 3403 Aemilius
1035 3338 1177 3403 Paullus
1201 3348 1237 3402 et
1252 3340 1365 3402 Varro
1418 3401 1421 3407 .

410 3478 454 3540 ab
475 3476 672 3539 Hannibale
696 3476 821 3558 ingens
846 3474 1089 3538 detrimentum
1113 3474 1207 3558 apud
1228 3473 1367 3538 Cannas
1394 3507 1397 3514 ·

411 3620 632 3691 acceperunt,
653 3609 746 3691 quod
762 3608 875 3691 ipsum
891 3628 1029 3691 quoque
1046 3628 1131 3690 apes
1147 3606 1366 3690 praenuntia·
