3014 4522
747 602 988 665 *170⁴-

392 803 477 864 gere
497 802 691 865 possumus
732 778 808 862 Quo
831 782 875 842 de
894 781 959 846 deo
976 780 1108 844 Plinius
1129 782 1218 845 haec
1241 783 1349 847 tradit

393 916 445 997 (N.
458 916 502 978 H.
515 914 592 989 VII,
610 913 663 997 57)
678 936 684 976 :

460 1048 574 1131 ‚(Auri
603 1049 744 1112 metalla
775 1060 810 1112 et
839 1048 1076 1132 conflaturam)
1105 1046 1182 1124 Sol,
1216 1047 1350 1114 Oceani

392 1181 480 1246 filius
521 1183 688 1265 (invenit),
734 1183 788 1247 cui
818 1183 950 1248 Gellius
983 1183 1177 1247 medicinae
1210 1203 1349 1267 quoque

393 1317 626 1381 inventionem
651 1338 697 1381 ex
721 1318 824 1381 melle
848 1316 1025 1400 assignat!

461 1452 580 1534 Atque
615 1452 648 1514 in
681 1454 784 1515 anulo
816 1453 957 1535 antiquo
991 1455 1058 1535 (ap.
1080 1452 1269 1515 Bellorium
1290 1452 1310 1514 l.
1328 1453 1349 1516 l.

393 1589 463 1650 tab.
481 1586 560 1668 VII)
594 1586 671 1667 apis
705 1587 891 1661 invenitur,
928 1586 1024 1650 cuius
1058 1547 1163 1668 capul
1192 1588 1245 1649 sol
1273 1587 1351 1668 ipse

396 1720 534 1784 videtur
558 1739 646 1783 esse.

462 1854 593 1937 Apollo
622 1865 752 1930 autem,
788 1855 847 1937 qui
880 1865 915 1918 et
944 1855 1030 1917 deus
1061 1854 1255 1917 medicinae
1290 1875 1352 1929 ‚ex

396 1990 499 2051 melle
521 1986 692 2051 inventae'
717 1999 752 2051 et
769 1991 856 2052 deus
877 1989 990 2052 mellis
1013 1988 1122 2070 ipsius
1146 1998 1230 2063 erat,
1255 1989 1353 2051 cuius

692 2084 701 2105 i

397 2143 497 2186 usum
513 2122 697 2186 Aristaeus
718 2120 806 2186 filius
829 2122 969 2198 invenit,
994 2123 1039 2186 ab
1060 2123 1185 2204 apibus
1210 2123 1353 2186 summis

397 2255 586 2320 honoribus
611 2257 723 2320 cultus
748 2277 825 2320 esse
848 2255 965 2323 fertur.

462 2391 532 2454 Eas
548 2391 640 2454 enim
660 2411 680 2453 e
698 2411 779 2454 cera
798 2392 991 2474 pennisque
1008 2391 1162 2475 Apollini
1182 2390 1353 2472 templum

396 2525 521 2588 fecisse
534 2525 725 2588 Pausanias
742 2524 799 2605 (X,
816 2545 848 2608 p.
861 2529 934 2601 618,
953 2525 1002 2606 ιο)
1024 2526 1073 2589 ita
1091 2532 1354 2588 commemorat:

461 2670 632 2754 ,Λέγουσιν
658 2670 687 2734 οἱ
712 2669 828 2754 Δελφοὶ
848 2670 1005 2755 γενέσθαι
1033 2667 1093 2733 ὑπὸ
1118 2669 1279 2751 μελισσῶν
1300 2665 1356 2732 τὸν

396 2799 471 2866 ναὸν
493 2795 555 2864 ἀπὸ
574 2806 689 2865 τετοῦ
710 2807 809 2884 κηροῦ
831 2805 896 2865 τῶν
917 2802 1077 2884 μελισσῶν
1098 2797 1155 2862 καὶ
1169 2795 1208 2862 ἐκ
1221 2801 1356 2881 πτερῶν·

399 2931 587 3016 πεμφθῆναι
614 2929 647 2994 δὲ
674 2926 704 3008 ἐς
731 2927 946 3015 Ὑπερβορέους
973 2928 1070 3014 φασὶν
1098 2926 1196 2993 αὐτὸν
1217 2924 1277 2992 ὑπὸ
1298 2932 1357 2991 τοῦ

397 3059 605 3139 Ἀπόλλωνος]

466 3204 565 3288 Quae
582 3204 695 3269 omnia
707 3204 899 3269 Pausanias
916 3225 935 3267 e
948 3202 1119 3268 Strabone
1132 3201 1271 3266 haurire
1286 3222 1356 3266 non

400 3341 522 3425 potuit,
536 3341 593 3422 qui
607 3341 696 3403 hanc
709 3340 863 3404 fabulam
878 3337 1038 3401 reiiciens
1055 3335 1138 3399 dicit
1150 3335 1211 3418 (X,
1222 3357 1255 3419 p.
1264 3355 1304 3416 42
1313 3335 1355 3418 1):

442 3477 514 3550 ,τῶν
543 3469 577 3534 δὲ
605 3474 717 3553 (ναῶν)
742 3469 796 3535 τὸν
823 3467 879 3554 μὲν
905 3468 1044 3551 πτέρινον
1070 3467 1112 3546 εἰς
1137 3465 1210 3546 τοὺς
1235 3465 1358 3550 μύθους

1057 3595 1212 3664 τακτέον)
