3014 4522
644 609 864 670 *694

278 788 385 851 simae
414 787 538 851 tertiae
567 786 720 869 reliquiis
749 788 904 851 eiusdem
928 788 1078 850 auctoris
1102 789 1230 852 mentio

274 922 369 986 facta
393 932 455 986 est.

341 1055 407 1118 His
442 1055 528 1118 locis
561 1056 709 1139 primum
742 1074 827 1136 apes
856 1055 1035 1117 Musarum
1071 1056 1231 1138 symbola

276 1191 459 1272 cultusque
481 1188 645 1252 fautrices
670 1210 748 1253 esse
772 1189 1027 1273 cognoscimus,
1056 1212 1160 1273 quam
1185 1192 1230 1253 ad

274 1344 348 1387 rem
371 1323 459 1386 infra
482 1323 623 1405 saepius
647 1334 872 1387 revertemur.
899 1361 937 1370 -

341 1457 654 1522 Winckelmannus
691 1469 806 1521 autem
844 1458 898 1521 his
935 1459 1092 1522 omnibus
1126 1459 1231 1520 rebus

274 1605 453 1675 permotus
470 1593 514 1655 de
531 1591 665 1675 apibus,
684 1611 774 1674 quae
790 1592 824 1655 in
839 1593 987 1655 nummis
1004 1592 1152 1674 antiquis
1169 1612 1230 1654 ex·

275 1737 377 1800 stant,
400 1729 490 1790 haec
515 1727 564 1789 ait
587 1726 760 1808 (Versuch
783 1726 878 1789 einer
894 1726 1078 1809 Allegorie
1102 1724 1228 1805 §107):

344 1861 520 1937 ‚Colonien
545 1861 620 1923 sind
644 1860 706 1924 auf
718 1861 868 1924 Miinzen
890 1862 999 1925 durch
1024 1862 1101 1924 eine
1120 1861 1229 1932 Biene

274 1996 488 2080 abgebildet,
512 1996 592 2058 weil
613 1995 668 2058 die
686 1996 827 2071 Bienen‚
851 2016 952 2059 wenn
976 1998 1038 2059 der
1055 1995 1165 2061 Stock
1189 2017 1230 2058 zu

273 2132 370 2196 stark
393 2131 447 2206 ist,
472 2131 529 2193 die
552 2129 806 2213 iiberfliissigen
830 2131 1070 2206 ausschicken‚
1100 2151 1138 2193 so
1162 2130 1229 2192 wie
1271 2214 1275 2221 ἦ

275 2268 366 2330 nach
395 2268 475 2328 dem
500 2264 669 2328 Aelianus
701 2264 756 2326 die
785 2263 1010 2328 volkreichen
1035 2261 1158 2327 Stante
1187 2283 1229 2324 zu

275 2402 361 2465 thun
384 2399 582 2483 pflegeten.'

344 2533 458 2616 Quam
474 2544 618 2616 propter
640 2534 752 2617 ipsam
776 2552 918 2596 causam
940 2532 1069 2594 nummi
1085 2530 1229 2615 Ephesii

277 2705 314 2715 —
341 2669 504 2751 Ephesus
535 2667 626 2729 enim
658 2668 793 2730 colonia
824 2676 897 2730 erat
929 2669 973 2729 ab
1005 2665 1227 2728 Atheniensi·

273 2807 340 2868 bus
367 2805 402 2867 in
430 2803 528 2866 Ionia
557 2803 727 2866 collocata
753 2837 791 2846 -
822 2822 842 2864 a
866 2800 1031 2883 Pignorio
1061 2797 1228 2882 (Symbol.

274 2939 419 3023 Epistol.
438 2938 490 3018 28)
523 2939 569 3002 ad
596 2937 680 2999 illud
716 2934 912 3019 symbolum
942 2933 1098 2997 coloniae
1129 2934 1229 2997 relati

275 3083 373 3137 sunt:
418 3093 487 3155 qua
526 3072 570 3135 de
608 3069 893 3152 interpretatione
937 3067 1041 3139 infra,
1086 3068 1145 3130 ubi
1183 3069 1228 3130 de

276 3207 384 3271 sacris
411 3206 547 3270 Dianae
576 3205 782 3280 scribemus,
817 3204 954 3286 planius
990 3203 1228 3265 disserendum

227 3355 232 3363 ’
276 3341 341 3404 erit
364 3341 408 3423 (v.
426 3351 470 3404 et.
484 3339 640 3404 Creuzer.
658 3336 778 3422 Symb.
791 3338 826 3401 II
842 3360 875 3422 p.
893 3342 964 3418 585,
983 3341 1063 3417 5863
1080 3336 1140 3412 IV,
1155 3356 1227 3416 353,

276 3477 360 3557 ssu·
384 3510 425 3520 -

340 3609 521 3691 Tanquam
560 3609 667 3690 igitur
707 3609 783 3690 apis
822 3627 891 3670 non
932 3606 1041 3670 solum
1084 3613 1228 3688 propter
