3014 4522
519 630 761 694 *135⁴-

230 809 420 873 Inferorum
451 822 566 874 autem
598 812 741 874 deorum
771 811 977 894 placationis
1013 831 1120 874 causa

55 947 56 950 ’
164 946 233 1008 mel
249 944 509 1010 sacrificabatur
525 947 620 1028 apud
636 954 793 1009 veterum
810 948 1014 1029 sepulturas
1032 967 1122 1029 quas

164 1080 279 1143 varias
295 1080 476 1144 Lucretius
498 1080 590 1143 vitae
611 1081 759 1163 cupidus
780 1091 815 1144 et
836 1083 979 1144 horrore
1000 1082 1121 1144 mortis

164 1213 325 1296 perfusus
348 1217 416 1277 hoc
440 1217 543 1278 modo
569 1215 728 1296 depinxit
752 1213 824 1296 (III,
843 1215 937 1298 902):

295 1398 389 1423 .....
397 1370 465 1412 non
489 1349 636 1424 invenio,
661 1349 811 1431 quinon
834 1349 878 1413 sit
903 1351 1076 1426 acerbum,

211 1484 356 1564 Ignibus
383 1484 582 1565 impositum
614 1482 734 1546 calidis
760 1491 952 1547 torrescere
973 1481 1121 1546 flammis

210 1617 283 1680 Aut
306 1618 340 1680 in
364 1619 466 1680 melle
491 1617 592 1680 situm
618 1616 779 1680 suffocari
804 1628 909 1700 atque
932 1619 1048 1699 rigere

210 1752 364 1834 Frigore,
375 1773 480 1834 quom
493 1772 627 1814 summo
641 1751 749 1834 gelidi
764 1753 870 1816 cubat
880 1772 1032 1834 aequore
1046 1752 1121 1814 saxi

211 1886 399 1969 Urgerive,
430 1907 582 1968 superne
606 1888 779 1961 obtritum,
809 1887 964 1968 pondere
988 1884 1122 1950 terrae.'

234 2030 390 2094 Placatio
404 2050 496 2105 vem,
514 2051 618 2112 quam
629 2031 844 2114 Porphyrius
861 2031 904 2113 (v.
918 2041 953 2093 et
965 2030 1121 2095 Creuzer.

166 2162 288 2246 Symb.
307 2164 367 2239 IV,
386 2165 461 2246 351)
482 2165 584 2227 melle
601 2164 692 2228 effici
707 2185 812 2246 posse
829 2165 1022 2238 arbitratur,
1044 2183 1122 2226 cum

166 2299 271 2361 melle
288 2299 560 2362 conservationis
579 2320 684 2363 causa
701 2301 842 2364 mortuis
864 2298 1027 2362 instillato
1044 2318 1122 2361 con·

165 2431 313 2496 fundere
336 2432 431 2495 nullo
455 2435 559 2496 modo
583 2435 673 2498 licet.
713 2435 895 2498 Patroclus
919 2434 1010 2497 enim
1034 2453 1122 2496 mor-

166 2576 247 2630 tuus
271 2567 373 2629 melle
396 2603 438 2612 -—
462 2578 501 2629 ut
524 2587 630 2648 supra
654 2567 710 2650 (ad
734 2568 874 2632 Homer.
901 2567 997 2631 Iliad.
1016 2566 1121 2640 XIX,

168 2701 223 2783 38)
260 2701 470 2764 coniecimus
508 2738 542 2746 —
584 2711 809 2765 conservatus
844 2711 906 2764 est.
964 2701 1123 2764 Achilles

167 2855 255 2897 vero
278 2846 404 2919 postea
427 2854 552 2917 rogum
568 2837 731 2899 Patroclo
754 2847 939 2900 exstruens
964 2836 1008 2918 (v.
1024 2836 1122 2901 Iliad.

166 2968 309 3044 XXIII,
331 2970 422 3051 17o):

212 3096 254 3177 ,ἐν
277 3099 301 3162 δ’
318 3097 419 3162 ἐτίθει
439 3099 565 3182 μέλιτος
586 3100 643 3164 καὶ
666 3095 840 3184 ἀλείφατος
862 3094 1081 3183 ἀμφιφορῆας]

164 3229 293 3310 Itaque
327 3233 371 3293 de
406 3253 495 3315 rogo
530 3232 678 3295 Achillis
712 3232 960 3314 Agamemnon
995 3232 1028 3294 ei
1058 3232 1125 3314 ipsi

164 3365 265 3446 apud
289 3364 417 3429 inferos
441 3377 557 3430 narrat
582 3369 625 3448 (v.
644 3366 771 3448 Odyss.
787 3365 927 3440 XXIV,
946 3365 1016 3445 67):

210 3494 319 3572 ,Καὶεο
336 3496 360 3559 δ’
377 3495 450 3560 ἔντ’
466 3497 597 3580 ἐσθῆτα
619 3498 705 3559 θεῶν
726 3496 783 3560 καὶ
805 3491 957 3579 ἀλείφατι
977 3496 1088 3576 πολλῷ

209 3627 270 3690 καὶ
292 3627 396 3709 μέλιτι
416 3629 617 3711 γλυκερῷ...
631 3631 645 3690 .’
662 3664 703 3672 -
