3014 4522
645 609 862 670 *104⁴

275 788 385 850 mellis
409 808 486 860 usu,
517 787 580 848 sed
605 787 722 860 etiam,
752 796 789 847 ut
812 785 900 848 infra
926 786 1025 847 nobis
1051 784 1229 866 explican-

275 923 356 984 dum
386 921 463 994 erit,
493 941 539 982 ex
562 921 723 983 Patroclo
753 930 886 983 mortuo
917 921 1010 1002 apud
1038 921 1229 984 Homerum

275 1057 377 1117 melle
403 1065 609 1118 conservato
632 1051 722 1140 effici
746 1053 896 1135 cogique
913 1061 1040 1134 potest,
1065 1075 1133 1117 non
1158 1075 1229 1116 om·

274 1189 331 1251 nia
358 1191 447 1251 haec
477 1188 581 1250 mella
611 1187 797 1262 silvestria,
826 1189 888 1249 sed
917 1187 1032 1268 potius
1056 1189 1144 1251 alvis
1168 1208 1228 1251 ex-

276 1330 394 1404 empta
417 1320 533 1383 fuisse.

341 1461 464 1523 Multo'
487 1460 595 1522 serius
632 1459 692 1541 (A0
717 1458 872 1523 DXCIV
900 1480 929 1524 a.
953 1458 1031 1524 Chr.
1053 1463 1097 1541 n.)
1134 1469 1231 1524 tanta

276 1605 351 1658 erat
367 1595 485 1677 apium
502 1595 635 1657 cultura
657 1595 691 1656 in
707 1592 865 1668 Graecia,
890 1602 927 1656 ut
951 1595 1100 1676 sapienti
1123 1595 1229 1677 legis·

275 1729 376 1791 latori
393 1727 536 1791 consilia
554 1728 724 1810 capienda
741 1736 865 1803 essent,
890 1749 933 1790 ne
956 1729 1112 1790 mellaria
1128 1728 1228 1791 nimis

278 1864 385 1924 dense
409 1861 498 1922 inter
523 1880 560 1922 se
585 1868 803 1942 ponerentur.
844 1861 934 1923 Nam
950 1861 1158 1925 Plutarchus
1183 1863 1231 1925 ait

277 1995 404 2077 (Solon.
422 1995 489 2074 24):
507 2039 584 2066 ,....
597 1991 704 2054 Σόλων
717 1987 866 2055 ἐκέλευσε
878 2042 885 2055 .
897 2041 903 2055 .
913 2042 936 2054 ..
952 1993 1111 2074 μελισσῶν
1127 1991 1230 2078 σμήνη

169 2188 172 2192 ⁴
245 2175 246 2178 ,
274 2123 514 2208 καθιστάμενον
537 2121 667 2212 ἀπέχειν
690 2132 754 2190 τῶν
779 2125 831 2210 ὑφ’
856 2124 963 2211 ἑτέρου
983 2127 1130 2211 πρότερον
1151 2127 1230 2212 ἰδρυ-

274 2257 374 2341 μὲνινν
389 2256 487 2342 πόδας
502 2257 717 2340 τριακοσίους.
751 2261 848 2342 Quae
864 2261 924 2322 lex
945 2261 1055 2322 mellis
1078 2261 1230 2341 augendi

276 2418 382 2460 causa
411 2399 493 2458 data
524 2407 591 2471 est,
624 2407 768 2479 propter
803 2397 896 2475 quod
931 2394 1120 2475 praecipue
1154 2393 1230 2476 apis

276 2532 368 2594 culta
390 2540 473 2593 erat.
521 2531 639 2605 ‚Mella
661 2525 886 2602 contrahunt',
910 2537 947 2589 ut
964 2526 1096 2589 Plinius
1120 2527 1171 2608 (N.
1185 2528 1229 2589 H.

277 2665 343 2740 XI,
361 2667 391 2746 4)
418 2667 461 2726 de
483 2665 606 2744 apibus
624 2663 680 2737 ait,
705 2682 904 2742 ,sucumque
930 2661 1165 2723 dulcissimum
1189 2682 1230 2723 ac

275 2798 547 2862 saluberrimum.
588 2797 703 2859 Favos
721 2793 923 2876 confingunt
946 2804 981 2857 et
1005 2814 1114 2868 ceras
1139 2793 1230 2856 mille

275 2934 321 2995 ad
349 2953 432 2995 usus
462 2933 568 3005 vitae,
604 2951 712 3013 opera
744 2927 945 3004 conficiunt,
979 2927 1229 3009 rempublicam

276 3066 416 3129 habent.
469 3062 620 3128 Consilia
655 3062 817 3146 privatim
846 3082 887 3124 ac
916 3064 1023 3124 duces
1054 3061 1231 3144 gregatim

276 3211 311 3262 et
328 3201 421 3280 quod
443 3199 594 3261 maxime
615 3199 737 3261 mirum
763 3198 815 3271 sit,
839 3217 953 3259 mores
977 3194 1126 3259 habent’.
1163 3195 1230 3257 Ibi·

277 3334 356 3394 dem
380 3312 524 3407 Plstrius
559 3341 597 3395 ut
625 3334 682 3396 alii
712 3332 898 3413 scriptores
929 3330 980 3393 rei
1003 3330 1166 3404 rusticae,
1197 3331 1231 3392 in

275 3467 427 3530 moribus
453 3476 488 3528 et
510 3469 583 3530 vita
611 3469 729 3550 apium
757 3468 863 3546 longe
888 3466 1027 3546 lateque
1058 3485 1095 3527 se
1119 3463 1231 3526 fundit

277 3622 318 3665 ac
347 3622 451 3684 porro
482 3602 596 3684 (XXI,
618 3626 637 3682 4
661 3602 685 3684 l,
720 3599 893 3682 quomodo
934 3619 1053 3661 earum
1087 3608 1230 3660 naturae
