3014 4522
775 625 994 688 *68*

407 825 453 867 ex
468 804 521 866 his
538 803 655 865 verbis
674 802 839 866 Varronis
854 804 1012 866 videmus
1034 803 1089 886 (R.
1104 804 1150 867 R.
1162 802 1224 879 III,
1242 805 1289 876 16,
1306 805 1359 885 29)

405 940 449 1000 de
474 938 599 1021 apibus
624 936 777 1019 scriptis:
803 938 1022 1020 ‚Progeniem
1042 950 1180 1002 veteres
1201 941 1359 1003 emittere

405 1074 524 1135 volunt
552 1071 586 1134 in
610 1071 780 1134 coloniam
805 1081 843 1134 ut
866 1072 947 1135 olim
971 1074 1093 1135 crebro
1118 1071 1239 1137 Sabini
1261 1072 1359 1136 facti-

404 1215 565 1269 taverunt
588 1215 732 1289 propter
755 1205 1006 1269 multitudinem
1029 1204 1236 1270 liberorum’.

472 1353 572 1435 Quae
584 1353 753 1416 Aelianus
772 1353 927 1416 similiter
943 1353 992 1416 ita
1004 1356 1108 1418 docet
1125 1354 1358 1436 (A.N.V‚13):

403 1483 514 1561 ,Ὅταν
550 1483 584 1548 δὲ
616 1483 743 1568 ἑπιγονή
776 1483 796 1566 ᾖ
826 1484 883 1548 καὶ
917 1484 1094 1569 οῦθηνῆται
1129 1485 1293 1569 μελίτταις
1321 1486 1359 1549 τ“ο

403 1621 526 1698 σμῆνος,
548 1615 605 1678 καὶ
621 1616 661 1693 είς
683 1611 829 1679 ἀποικίαν
849 1613 1056 1698 ἐκπέμπουσιν
1078 1612 1231 1701 ὡςπεροῦν
1250 1614 1284 1679 αἱ
1305 1615 1359 1698 μὲ-

402 1744 514 1829 γισταί
535 1766 571 1808 τε
593 1744 649 1808 καὶ
670 1744 957 1829 πολυανδροῦμεναι
979 1751 1043 1809 τῶν
1065 1745 1208 1809 πόλεωνὶ

470 1894 591 1975 Itaque
608 1894 728 1957 Musas
752 1893 875 1976 apibus
900 1893 1018 1975 speeie
1043 1903 1078 1956 et
1097 1892 1208 1957 forma
1229 1894 1358 1956 similes

402 2027 670 2090 Atheniensium
687 2026 720 2088 in
734 2027 866 2088 Ioniam
878 2027 1118 2110 navigantium
1131 2029 1239 2089 duces
1250 2025 1357 2089 fuisse

401 2159 632 2223 Philostratus
662 2163 728 2223 hoc
757 2161 860 2251 modo
889 2161 995 2224 tradit
1019 2161 1141 2243 (Imag.
1158 2161 1202 2232 ΙΙ,
1222 2161 1271 2240 8);
1305 2157 1358 2233 ,Τί

400 2290 451 2354 οῦν
474 2290 508 2354 αἰ
527 2291 654 2354 Μοῦσαι
675 2291 780 2375 &sunm
802 2290 834 2353 τί
856 2290 890 2353 δὲ
912 2290 961 2354 ἐπὶ
982 2295 1052 2368 ταῖς
1074 2295 1192 2374 πηγαῖς
1213 2297 1271 2354 τοῦ
1293 2290 1357 2353 Μί-

400 2422 514 2505 λητος;
548 2421 706 2504 Ἀθηναῖοι
732 2418 790 2504 τὴν
818 2419 936 2483 Ἰωνίαν
959 2418 1012 2484 ὅτε
1035 2415 1202 2504 ἀπῴκιζον,
1230 2419 1357 2483 Μοῦσαι

401 2548 538 2635 ἡγοῦντο
560 2557 617 2615 τοῦ
639 2557 789 2614 ναυτικοῦ
811 2550 843 2613 ἐν
866 2547 939 2613 εἴδει
959 2551 1134 2633 μελιττῶν]

468 2665 588 2779 Atque
612 2697 646 2758 in
669 2698 825 2760 oratione
851 2697 985 2761 Himeri
1009 2695 1197 2780 Sophistae
1220 2697 1356 2760 decima

401 2829 454 2905 (τίς
468 2827 541 2906 τοῦς
561 2823 614 2891 ἀπ’
634 2827 752 2905 Ἰωνίας
772 2827 1029 2913 ἐπιδημήσαντας
1044 2837 1059 2908 5
1074 2832 1101 2915 ι)
1123 2851 1227 2913 apem
1245 2832 1357 2913 ipsam

401 2966 571 3028 coloniam
600 2966 694 3029 illam
723 2965 880 3041 duxisse,
915 2967 964 3029 ita
993 2965 1160 3048 legimus:
1194 2960 1304 3039 ,Ἴωνες
1329 2962 1357 3025 οἱ

400 3095 491 3184 ξένοι,
517 3097 606 3181 γένος
628 3099 773 3162 Ἀττικόν.
817 3095 902 3180 Φέρε
924 3095 1030 3174 αὐτοῖς
1051 3095 1110 3179 πρὸ
1130 3103 1188 3160 τοῦ
1209 3095 1356 3181 τέττιγος

399 3225 456 3311 τὴν
489 3229 673 3311 μετρὸπσλιν
701 3232 749 3311 τῷ
775 3226 866 3311 λόγῳ
901 3225 1055 3314 δείξαιμεν.
1110 3225 1257 3290 Μέλιττα
1289 3220 1356 3309 γὰρ

400 3351 540 3420 ἀπιοῦσιν
561 3356 667 3435 αὐτοῖς
685 3355 731 3421 ἐπ’
748 3357 864 3421 Ἰωνίαν
886 3352 1045 3440 ἡγήσατο,
1067 3356 1165 3440 λόγος
1187 3355 1212 3419 δ’
1232 3353 1355 3419 ἐκεῖθεν

399 3487 573 3551 ἐπανιοῦσιν
595 3487 768 3574 Ἀθήναζε]

465 3622 569 3685 Cuius
585 3622 724 3684 fabulae
745 3621 879 3683 subtilis
902 3621 1005 3682 etiam
1028 3621 1061 3682 in
1079 3619 1243 3682 orationis
1260 3621 1353 3683 vice-
