3014 4522
497 627 713 690 *⁴65*

127 805 288 870 vitiosum
319 803 448 878 effecit,
476 818 514 868 ut
542 825 628 887 apes
658 806 769 868 dirum
792 806 956 870 militibus
980 828 1082 871 omen

127 948 254 1001 essent.
306 937 383 1020 Quo
413 958 496 1002 suco
526 951 678 1019 vetereS,
716 940 805 1003 sicut
833 942 957 1023 apibus
985 943 1079 1027 ipsiS,

128 1074 173 1135 ad
196 1073 317 1136 hostes
341 1075 556 1157 superandos
579 1075 779 1154 utebantur,
805 1075 864 1157 qui
891 1077 993 1138 melle
1023 1077 1081 1139 illo

127 1206 293 1290 pestifero
316 1208 538 1270 necabantur.

193 1343 282 1406 Illud
305 1363 391 1406 vero
419 1344 512 1418 mel,
530 1344 623 1425 quod
647 1344 762 1406 animo
787 1364 915 1427 aegros
948 1364 1081 1420 sanare,

128 1497 231 1540 sanos
258 1487 377 1541 autem
408 1480 454 1542 ad
481 1478 648 1540 insaniam
682 1478 826 1559 adigere
858 1477 986 1541 dictum
1018 1490 1079 1549 est,

127 1612 316 1694 praecipue
361 1613 407 1674 ad
444 1612 697 1693 Trapezuntem
736 1613 857 1673 urbem
897 1611 931 1672 in
970 1611 1081 1673 Ponto

129 1746 230 1808 sitam
265 1745 515 1808 inveniebatur.
571 1746 611 1808 Id
646 1749 739 1828 quod
774 1746 842 1808 iam
873 1746 1081 1808 Aristoteles

129 1881 176 1944 ita
199 1881 305 1943 tradit
341 1881 386 1962 (p.
402 1884 475 1958 831,
491 1881 521 1943 B
542 1901 579 1943 22
604 1883 657 1944 ed.
674 1880 845 1963 Bekker):
879 1876 938 1954 ,Ἐν
960 1876 1082 1960 Τραπε-

128 2009 233 2098 ζοῦντι
259 2016 300 2096 τῄ
327 2012 360 2075 ἐν
386 2015 434 2095 τῷ
458 2013 571 2096 Πόντῳ
598 2013 721 2097 γίνεται
747 2012 784 2076 τὸ
811 2007 874 2076 ἀπὸ
900 2017 958 2095 τῆς
986 2011 1082 2098 uigor>

127 2144 199 2227 μέλι
214 2142 407 2230 βαρύοσμον·
429 2142 486 2206 καί
504 2162 585 2226 φασι
603 2148 698 2205 τοῦτο
718 2141 790 2219 τοὺς,
809 2141 865 2224 μὲν
884 2139 1084 2225 ὑγιαίνοντας

128 2272 299 2364 ἐξιστάναι,
314 2271 388 2350 τοὺς
400 2272 434 2335 δὲ
448 2269 635 2357 ἐπιλήπτους
645 2273 702 2337 καὶ
712 2272 832 2351 τελέως
844 2267 1082 2337 ἀπαλλάττειν.

195 2407 273 2490 Quo
298 2409 343 2470 de
367 2406 443 2488 ipso
468 2408 570 2470 melle
594 2407 738 2482 Plinius,
768 2407 827 2469 ubi
851 2406 948 2469 varia
972 2407 1083 2468 mellis

130 2563 262 2626 genera
292 2551 485 2615 enumerat,
521 2541 569 2603 ita
603 2552 719 2604 narrat
749 2540 800 2623 (N.
818 2540 862 2604 H.
880 2540 990 2615 XXI,
1012 2540 1082 2621 45):

128 2676 246 2767 ,Aliud
270 2695 384 2758 genus
414 2675 449 2737 in
477 2676 600 2738 eodem
625 2674 726 2737 Ponti
755 2674 835 2748 situ,
866 2684 972 2756 gente
997 2671 1082 2736 San·

127 2830 265 2882 norum,
295 2810 422 2884 melliS,
450 2811 544 2891 quod
574 2811 618 2871 ab
647 2809 794 2883 insania,
826 2829 928 2890 quam
960 2807 1083 2889 gignit,

130 2965 383 3007 maenomenon
404 2941 550 3007 vocant.’
567 2979 608 2988 -
625 2944 814 3006 Praeterea
834 2927 932 3005 locus
949 2940 1083 3003 Aristo-

128 3080 205 3143 telis
232 3091 266 3143 et
287 3102 308 3142 a
330 3079 531 3142 Democrito
555 3077 756 3160 (Geoponic.
773 3078 830 3140 lib.
848 3077 929 3152 XV,
947 3100 975 3157 o,
994 3077 1024 3156 4)
1050 3086 1084 3139 et

129 3213 203 3276 aliis
240 3213 356 3276 verbis
393 3213 436 3274 ab
465 3212 614 3275 Aeliano
650 3221 938 3274 commemoratur
973 3210 1028 3292 (A.
1043 3211 1083 3272 N.

128 3348 171 3423 V,
188 3348 252 3428 42).
301 3346 421 3429 Atque
445 3347 669 3410 Dioscorides
700 3346 755 3427 (de
779 3344 925 3406 materia
949 3344 1084 3405 medica

129 3483 264 3562 H,1o3)
290 3481 358 3544 mel
382 3481 464 3543 illud
492 3483 653 3544 sudorem
677 3499 818 3570 movere
843 3479 954 3540 docet.
1002 3476 1083 3537 Pro-

131 3618 250 3699 copius
275 3618 331 3698 (de
348 3615 440 3678 bello
456 3612 560 3677 Goth.
578 3613 638 3686 IV,
658 3614 685 3693 2)
711 3614 786 3694 ipse
811 3631 948 3692 quoque
973 3608 1083 3670 mellis

894 3733 906 3783 5
