3014 4522
510 603 748 668 *llil-e·

151 784 356 859 dubitamus,
385 784 466 867 quin
490 785 559 846 mel
581 784 711 865 Priapo
734 784 951 866 Laribusque
975 781 1104 847 sacrifi·

151 930 266 981 catum
284 919 385 981 huius
401 918 586 982 fertilitatis
603 920 798 1003 symbolum
814 919 925 984 fuerit.
941 921 1104 984 —Lares

150 1053 324 1116 a‘Tibullo
343 1054 452 1136 (Eleg.
466 1053 491 1127 I,
510 1075 535 1128 1,
554 1053 602 1133 19)
628 1054 718 1136 ‚agri
740 1052 916 1118 custodes'
938 1064 1106 1117 vocantur

151 1187 194 1268 (v.
213 1187 294 1250 ibid.
310 1187 354 1260 II,
370 1207 396 1262 1,
411 1188 464 1269 60)
494 1197 598 1269 atque
623 1187 727 1250 etiam
751 1187 833 1250 Lari
856 1187 1014 1250 familiari
1037 1188 1106 1250 mel

150 1321 295 1384 libatum
322 1340 401 1384 esse
426 1320 518 1383 idern
541 1322 647 1401 poiita
670 1321 725 1383 his
747 1321 906 1384 versibus
935 1322 972 1402 (Ι,
990 1317 1038 1400 ro,
1054 1320 1105 1402 24)

153 1455 335 1518 describit:

313 1637 470 1663 ........
477 1610 555 1651 curn
579 1596 736 1670 paupere
761 1591 854 1651 cultu

243 1720 367 1786 Stabat
390 1722 423 1784 in
448 1723 580 1806 exigua
602 1724 741 1804 ligneus
765 1725 854 1786 aede
878 1725 964 1786 deus

198 1855 317 1938 Atque
339 1856 460 1938 aliquis
478 1857 550 1919 voti
571 1877 715 1938 compos
732 1856 803 1919 liba
823 1857 899 1938 ipse
916 1856 1060 1929 ferebat,
1100 1868 1103 1875 '

241 1992 395 2073 Postque
418 2010 535 2053 comes
552 2011 676 2071 purum
692 1988 763 2053 filia
784 2010 894 2071 parva
909 1987 1047 2052 favum’

219 2135 293 2197 Mel
320 2154 405 2196 vero
437 2135 632 2214 symbolum
662 2134 847 2197 fertilitatis
878 2132 994 2196 Cereri
1023 2151 1106 2214 quo-

150 2289 219 2350 que
249 2268 394 2342 ,numini'
422 2268 470 2330 illi
494 2265 680 2350 ,frugifero’
705 2267 748 2350 (v.
767 2266 868 2333 Ovid.
887 2287 933 2328 ex
948 2266 1047 2328 Pont.
1065 2264 1107 2338 Π,

156 2402 332 2482 1‚15.16)
373 2402 556 2483 quotannis
601 2399 867 2464 sacrificabatur.
933 2386 1024 2462 Nam
1063 2399 1106 2460 de

153 2536 291 2610 ‚annuis
323 2536 430 2599 sacris
458 2555 609 2617 magnae
633 2534 751 2598 Cereri
774 2531 907 2597 relatis’
932 2531 1107 2615 Vergilius

151 2672 241 2732 haec
266 2680 513 2733 commemorat
538 2669 678 2753 (Georg.
695 2669 720 2743 I,
742 2670 833 2750 343):

199 2803 340 2878 ,Cuncta
364 2805 425 2867 tibi
449 2803 612 2867 Cererem
635 2805 747 2884 pubes
772 2803 922 2883 agrestis
946 2802 1083 2863 adoret:

198 2936 261 3000 Cui
283 2949 320 3002 tu
342 2939 434 3000 lacte
457 2936 557 3001 favos
582 2946 617 2999 et
640 2937 713 2998 miti
738 2937 830 2998 dilue
855 2931 1019 2998 Baccho.'

221 3071 352 3154 Itaque·
377 3070 481 3134 etiam
513 3070 698 3144 Mercuri0‚
734 3068 886 3151 praesidi
921 3077 1108 3148 pastorum,
1159 3156 1161 3160 Ι

152 3207 223 3269 mel
262 3206 406 3269 libatum
448 3225 525 3267 esse
567 3205 621 3266 his
662 3225 708 3266 ex
742 3203 899 3265 versibus
934 3198 1110 3281 Antipatri
1149 3230 1151 3235 ·

152 3340 308 3421 (Anthol.
326 3339 398 3402 Pal.
417 3338 481 3412 IX,
501 3338 552 3419 72)
577 3338 788 3418 colligimus:
897 3331 900 3334 ’

195 3472 345 3553 ,Εὕιιολος
365 3474 517 3558 Ἑρμείας,
540 3472 566 3536 ὠ
586 3472 731 3556 ποιμένες,
754 3471 785 3534 ἐν
807 3469 841 3534 δὲ
862 3466 1009 3555 γάλακτι

238 3603 361 3688 χαίρων
382 3602 440 3667 καὶ
462 3601 570 3688 δρυΐνῳ
593 3602 804 3685 σπενδομένοις
826 3600 944 3683 μέλιτι]
967 3636 1008 3644 -

899 3721 910 3756 Ι
919 3721 929 3755 1
