3014 4522
777 576 1016 639 *128⁴-

483 744 588 833 ,Παρὰ
610 748 644 812 δὲ
665 751 713 831 τῷ
731 748 838 833 Ὀρφεῖ
861 753 925 835 (ed.
942 751 983 817 G.
996 753 1182 819 Hermann.
1201 755 1303 838 frgm.
1317 755 1370 837 49)

420 881 437 945 ό
458 882 572 966 Κρόνος
597 881 700 965 μέλιτι
725 881 783 948 ὑπὸ
804 881 872 961 Διὸς
898 879 1102 968 ἐνεδρεύεται,
1129 885 1285 971 πλησθεὶς
1306 881 1371 971 γὰρ

420 1011 545 1095 μέλιτος
566 1011 678 1095 μεθύει
696 1011 754 1076 καὶ
772 1020 946 1078 σκοτούται
964 1010 1007 1093 ὡς
1027 1009 1089 1080 ἀπὸ
1104 1013 1184 1082 οἴνου
1198 1018 1255 1080 καὶ
1273 1016 1370 1083 ὑπνοῖ·

420 1141 463 1222 ὡς
490 1140 579 1228 παρὰ
608 1139 760 1207 Πλάτωνι
790 1145 922 1230 (Symp.
944 1167 977 1229 p.
997 1167 1057 1226 ²03
1075 1147 1116 1229 B)
1144 1146 1161 1209 ό
1185 1145 1285 1230 Πόρος
1313 1153 1371 1210 τού

419 1280 569 1364 νέκταρος
600 1276 771 1362 πλησύεὶς·
815 1277 900 1341 obn>
933 1273 997 1362 γὰρ
1031 1275 1108 1356 οἶνος
1139 1279 1176 1366 ἦν
1214 1282 1371 1365 (fortasse

420 1416 586 1497 mulsum).
621 1410 699 1496 φησὶ
720 1407 786 1496 γὰρ
807 1415 880 1496 παρ’
902 1411 1009 1496 Ὀρφεῖ
1028 1408 1049 1494 ἡ
1066 1411 1135 1500 Νύξ
1156 1415 1204 1496 τῷ
1222 1410 1276 1492 Διῒ,
1297 1411 1371 1477 ὑπο-

419 1547 569 1632 τιθεμόνη
590 1545 644 1612 τόν
667 1541 718 1609 διὰ
740 1545 865 1628 μέλιτος
887 1545 992 1609 δόλον·

493 1693 566 1757 Εύτ’
589 1687 627 1757 ἂν
650 1690 688 1774 δή
710 1711 760 1773 μιν
778 1687 867 1774 ἴδηαι
887 1687 946 1755 ὑπὸ
968 1690 1071 1775 δρυσὶν
1093 1689 1293 1777 ὑψικόμοισιν,

485 1822 644 1908 Ἔργοισιν
666 1819 830 1905 μεθύοντα
852 1817 1035 1902 μελισσάων
1058 1819 1234 1906 ἐριβόμβων,

481 1951 607 2016 Αύτίιια
628 1972 678 2034 μιν
701 1950 879 2033 δῆσον...]

419 2100 461 2179 (v,
480 2099 628 2160 eundem
643 2097 709 2160 loc.
732 2096 766 2158 in
786 2094 952 2158 Hadrian.
969 2091 1046 2158 Iuni
1067 2094 1193 2158 medici
1213 2094 1367 2158 animad-

419 2251 547 2294 versor.
574 2229 648 2292 libr.
671 2231 811 2292 secund.
834 2249 862 2292 c.
881 2250 916 2291 12
939 2229 992 2291 ed.
1013 2229 1119 2292 Basil.
1142 2234 1222 2309 1556
1260 2238 1295 2292 et
1324 2232 1369 2293 de

418 2364 520 2426 melle
536 2364 703 2446 sopiente‚
727 2364 820 2444 quod
836 2362 870 2424 in
894 2363 1115 2426 arundinibus
1136 2360 1182 2437 fit,
1205 2361 1366 2430 Strabon.

417 2498 475 2560 lib.
491 2496 564 2560 XV
589 2495 710 2579 (India)
736 2516 764 2559 c.
784 2518 795 2558 1
816 2502 886 2573 §20
903 2517 936 2578 p.
955 2502 1017 2577 694
1034 2496 1090 2578 A).
1119 2533 1155 2542 -

485 2642 557 2707 Sed
585 2646 674 2706 haec
697 2645 875 2706 hactenus,
921 2643 1021 2706 Nunc
1056 2645 1102 2706 ad
1132 2644 1202 2706 vim
1230 2665 1367 2708 conser-

417 2778 529 2852 vandi,
555 2796 645 2859 quae
665 2777 865 2859 principalis
888 2779 923 2840 in
946 2779 1048 2840 melle
1073 2798 1151 2841 esse
1171 2780 1369 2861 putabatur,

417 2913 608 2975 redeamus.
655 2909 732 2972 Non
757 2909 847 2973 enim
872 2912 981 2973 solum
1005 2911 1168 2974 valetudo
1193 2912 1367 2975 hominum

418 3066 459 3108 eo
476 3054 682 3108 conservata
705 3053 758 3106 est
775 3045 964 3108 secundum
987 3045 1185 3127 opinionem
1200 3053 1367 3120 veterum,

416 3180 479 3241 sed
500 3178 638 3242 bonitas
663 3177 767 3241 etiam
789 3176 962 3240 fructuum
986 3178 1178 3260 carnisque,
1201 3186 1239 3240 ut
1263 3179 1368 3241 hodie

414 3312 621 3393 quibusdam
644 3312 678 3374 in
701 3311 911 3395 regionibus
947 3308 1025 3390 Qua
1047 3311 1090 3375 de
1111 3331 1149 3373 re
1173 3311 1221 3374 ait
1236 3311 1368 3374 Plinius

416 3447 468 3526 (N.
481 3445 525 3508 H.
542 3444 663 3520 XXII,
682 3446 751 3529 50):

483 3579 612 3654 ,Mellis
641 3580 780 3662 quidem
814 3581 921 3661 ipsius
955 3589 1079 3644 natura
1112 3579 1190 3642 talis
1225 3588 1295 3655 est,
1329 3591 1367 3642 ut
