3014 4522
773 637 990 701 *384-

468 816 589 881 Simile
606 838 689 880 vero
703 826 901 898 portentum
918 816 1035 897 apium
1052 836 1200 880 examen
1212 817 1359 881 Hieroni

401 951 523 1014 minori
544 950 650 1014 fuisse
672 971 719 1013 ex
733 949 865 1011 Iustino
888 949 1129 1031 comperimus
1155 951 1214 1033 qui
1228 953 1296 1014 hac
1313 915 1357 1014 de

400 1106 438 1147 re
462 1085 511 1148 ita
535 1083 642 1147 refert
665 1083 815 1166 (XXIII,
832 1080 883 1163 4):

435 1225 437 1229 ’
468 1218 590 1294 ‚Hiero
604 1268 611 1282 .
626 1268 633 1282 .
648 1266 654 1280 .
670 1217 796 1299 (huius
824 1215 960 1280 futurae
989 1216 1181 1280 maiestatis
1207 1217 1285 1300 ipsa
1308 1219 1357 1282 in·

400 1354 503 1418 fantis
534 1352 693 1416 educatio
723 1349 822 1433 quasi
852 1350 1059 1431 praenuntia
1081 1350 1155 1433 fuit)
1257 1363 1357 1435 patre

399 1487 644 1551 Hierocle...
682 1506 729 1548 ex
757 1484 883 1548 ancilla
917 1494 1020 1547 natus
1049 1505 1091 1548 ac
1119 1495 1308 1568 propterea
1336 1508 1358 1549 a

400 1630 501 1703 patre
525 1622 622 1684 velut
645 1620 993 1706 dehonestamentum
1012 1620 1153 1700 generis
1176 1610 1357 1704 expositus

400 1754 522 1818 fuerat.
558 1754 631 1819 Sed
647 1756 830 1836 parvulum
852 1764 887 1817 et
902 1755 1075 1816 humanae
1096 1753 1172 1836 opis
1194 1741 1357 1837 egentem

400 1908 501 1971 apeS,
538 1895 708 1970 congesto
748 1887 841 1950 circa
875 1887 1047 1950 iacentem
1086 1889 1207 1963 melle,
1241 1891 1357 1954 multis

401 2022 525 2085 diebus
557 2023 685 2086 aluere.
738 2019 793 2084 Ob
822 2041 926 2102 quam
955 2042 1028 2084 rem
1056 2042 1225 2104 responso
1255 2024 1356 2087 haru-

399 2155 533 2238 spicum
549 2155 746 2219 admonitus
763 2165 873 2237 pater,
894 2156 953 2238 qui
972 2176 1120 2238 regnum
1141 2155 1261 2221 infanti
1277 2178 1356 2241 por·

399 2290 495 2352 tendi
532 2292 721 2364 canebant,
756 2289 937 2372 parvulum
972 2289 1158 2371 recolligit,
1194 2292 1356 2374 omnique

402 2423 518 2488 studio
542 2425 587 2487 ad
611 2443 710 2505 spem
733 2423 940 2499 maiestatis,
969 2444 1059 2505 quae
1082 2424 1356 2506 promittebatur,

398 2558 566 2622 instituit'.
593 2560 635 2641 (v.
652 2557 828 2621 Alexand.
847 2560 892 2620 ab
908 2558 1102 2621 Alexandr.
1125 2560 1254 2640 genial.
1271 2559 1354 2624 dier.

396 2691 568 2756 libr.Hc.
587 2690 628 2772 3).
653 2729 696 2739 -

464 2827 609 2892 Circiter
625 2838 772 2909 quatuor
793 2826 942 2889 saeculis
962 2836 1043 2909 post
1067 2829 1131 2890 sub
1154 2847 1265 2910 regno
1282 2829 1354 2893 Ha·

397 2962 508 3024 driani
531 2962 624 3025 idem
645 2961 845 3044 prodigium
860 2961 899 3024 T.
915 2959 1062 3024 Aurelio
1078 2961 1257 3026 Antonino
1273 2975 1354 3046 post
1384 3001 1386 3006 .

396 3096 677 3177 proconsulatum
702 3096 737 3157 in
752 3094 842 3158 Asia
862 3094 997 3177 obtigit,
1022 3096 1116 3178 quod
1137 3095 1353 3179 Capitolinus

395 3231 444 3295 ita
467 3238 565 3293 notat
590 3230 659 3312 (vit.
676 3227 738 3305 Pii,
756 3230 805 3312 3):
830 3229 914 3305 ,eius
937 3238 1071 3293 statuas
1094 3231 1128 3292 in
1145 3231 1237 3294 omni
1253 3232 1352 3296 Etru·

395 3365 447 3427 ria
470 3383 620 3426 examen
643 3364 759 3445 apium
783 3364 957 3446 replevit'.
995 3365 1085 3428 Nam
1109 3367 1155 3428 ab
1170 3365 1351 3429 Hadriano

395 3499 583 3579 adoptatus
606 3498 788 3580 imperium
813 3519 855 3561 eo
878 3509 1013 3562 mortuo
1037 3500 1184 3580 accepit.
1209 3536 1252 3545 —

463 3629 568 3694 Cuius
585 3631 804 3696 coniecturae
822 3643 882 3696 aut
898 3632 1131 3697 diuturnitatis
1152 3643 1211 3700 aut
1231 3653 1352 3699 recen·
