3014 4522
794 626 849 658 -n-
882 602 925 667 98
958 626 1014 662 -u-

427 773 587 856 μελισσῶν
602 770 740 859 ἐτράφη·
762 774 906 860 ὑπῆλθεν
921 776 1018 843 αὐτὸν
1035 777 1124 843 καὶὸ
1138 779 1290 864 χρησμός,
1310 777 1342 844 ίν
1357 780 1384 863 d

426 924 503 967 ποτε
521 904 598 984 θεὸς
618 903 682 970 εἶπε
702 904 815 993 σώζειν
833 907 977 992 ὁμόγνιον
995 907 1074 974 ὄντα
1094 908 1148 974 τὸν
1167 907 1227 975 ὑπὸ
1244 915 1309 974 τῶν
1327 932 1381 994 με·

426 1037 547 1101 λισσῶν
567 1039 771 1122 τρεφόμενον]

492 1199 650 1262 Eundem
674 1199 854 1263 Meliteum
877 1199 1000 1262 urbem
1022 1198 1179 1264 Melitam
1202 1201 1236 1264 in
1251 1201 1381 1266 Phthia

426 1334 623 1397 condidisse
646 1333 844 1397 Antoninus
868 1332 916 1395 ita
940 1333 1053 1396 addit:

488 1493 532 1570 ,Ὁ
554 1491 589 1557 δὲ
613 1497 686 1571 ταῖς
708 1489 772 1556 ἐπεὶ
793 1488 940 1577 τάχιστα
961 1487 1124 1576 ἠνδρώθη,
1151 1487 1230 1577 ἀνὴρ
1252 1489 1380 1578 ἐγένετο

424 1626 565 1707 γενναῖος
586 1622 643 1687 καὶ
663 1622 822 1687 πλείστων
841 1620 916 1710 ἦρξε
937 1621 1098 1706 περιοίκων
1113 1620 1170 1686 καὶ
1187 1623 1276 1687 πόλιν
1296 1622 1379 1688 ἔκτι-

424 1776 478 1821 σεν
500 1753 532 1820 ἐν
554 1757 595 1837 τῇ
615 1753 711 1836 Φθίᾳ
731 1750 987 1837 τροςαγορεὺσας
1008 1750 1166 1836 Μελίτην]

490 1913 724 1996 Quamobrem
773 1913 898 1976 Miiller
947 1887 1415 1996 (‚‚Alexandermfinzen”)s

423 2069 580 2140 nummos
593 2047 798 2123 Alexandri,
814 2048 986 2130 inquibus
1002 2049 1078 2130 apis
1092 2059 1216 2123 exstat,
1233 2048 1378 2112 Melitae

424 2184 580 2266 signatos
597 2203 684 2257 esse,
700 2183 776 2246 veri
791 2181 960 2246 simillime
978 2184 1133 2248 coniecit.
1161 2181 1234 2247 Sed
1250 2184 1375 2247 eodem

423 2317 496 2381 iure
529 2337 632 2399 apem
666 2316 872 2399 dignitatem
905 2317 1042 2400 regiam
1072 2316 1138 2380 illis
1165 2318 1201 2379 in
1227 2318 1376 2380 nummis

423 2450 619 2534 significare
648 2471 767 2533 supra,
795 2450 855 2514 ubi
879 2452 922 2514 de
953 2451 1111 2535 symbolo
1139 2451 1256 2532 apium
1279 2452 1375 2533 regis

422 2585 631 2667 scripsimus
655 2585 826 2649 coniicere
849 2584 948 2647 nobis
971 2583 1075 2648 licuit.
1101 2620 1137 2631 -

488 2745 613 2827 Itaque
630 2747 734 2810 etiam
750 2745 873 2821 Beroe,
889 2743 959 2808 filia
974 2744 1147 2808 Adonidis
1164 2754 1199 2808 et
1214 2744 1374 2819 Veneris

422 2899 512 2960 quae
536 2879 630 2941 illam
646 2880 788 2944 Baccho
812 2880 1004 2954 collocavit,
1028 2878 1131 2966 melle
1146 2879 1307 2960 lacteque
1328 2879 1373 2940 ab

396 2995 574 3074 'Astraea
607 3012 735 3076 nutrita
769 3032 847 3076 esse
881 3011 1000 3076 fertur.
1054 3013 1145 3075 Nam
1179 3012 1213 3074 in
1248 3011 1372 3074 Nonno

422 3145 632 3228 (Dionysiae.
650 3146 747 3222 XLI,
766 3146 839 3229 216)
863 3148 952 3212 haec
975 3147 1154 3229 leguntur:

462 3317 621 3401 ,Άστραίη
632 3367 640 3381 .
651 3367 658 3381 .
671 3366 697 3380 ..

462 3445 640 3531 Παρθενίῳ,Ι
655 3446 689 3510 δὲ
710 3442 858 3531 γάλακτι
879 3439 956 3529 ῥοὰς
976 3442 1141 3532 βλίζουσα
1162 3443 1325 3527 θεμίστων

463 3576 580 3642 Χείλεα
600 3577 709 3656 παιδὸς
731 3575 838 3641 ἔδευσε
859 3574 916 3641 καὶ
938 3573 1046 3662 ἔβλυεν
1067 3575 1109 3654 είς
1129 3573 1236 3657 στόμα
1256 3571 1372 3658 κοίρης
