3014 4522
774 587 1015 649 ,ιι-1144-

461 763 503 837 ,F
504 783 567 826 ons
590 761 806 846 Aganippea
828 764 1045 828 Permessius
1069 767 1196 830 educat
1219 770 1332 830 unda:

459 897 562 960 Unde
578 897 659 980 piae
675 905 864 978 pascuntur
883 918 971 980 apes
992 911 1028 962 et
1047 910 1150 981 prata
1164 900 1326 983 legentes

460 1030 707 1094 Transmittunt
724 1029 849 1093 saeclis
864 1030 1049 1095 Heliconia
1064 1033 1169 1095 mella
1183 1031 1326 1097 futuris?

480 1179 579 1242 Haec
603 1178 722 1253 ,mella
745 1175 897 1260 poetica'
921 1198 1010 1260 apes
1033 1178 1133 1260 ipsae
1157 1217 1201 1226 —
1223 1191 1262 1242 ut
1282 1179 1369 1243 vidi-

414 1330 489 1372 mus
514 1347 557 1355 —
580 1311 781 1386 infantibus,
812 1311 871 1394 qui
893 1313 1021 1394 poetae
1044 1314 1102 1375 vel
1130 1324 1285 1377 oratores
1312 1314 1370 1377 vel

412 1444 612 1527 philosophi
649 1447 826 1527 sapientes
856 1443 992 1521 fierent,
1027 1446 1196 1510 instillare
1224 1457 1369 1530 putatae

413 1588 501 1642 sunt.
557 1575 710 1659 Quorum
747 1599 793 1643 ex
826 1600 969 1643 numero
997 1579 1154 1644 Platonis
1189 1592 1368 1663 postremo

412 1713 620 1777 mentionem
643 1714 821 1778 faciamus

477 1847 579 1910 Hanc
597 1867 680 1910 vero
695 1846 858 1922 fabulam,
875 1867 965 1928 quae
982 1866 1069 1929 apes
1084 1846 1240 1909 Platonis
1260 1847 1365 1910 nutri·

412 2000 470 2043 ces
486 1980 594 2043 fuisse
613 1991 738 2056 narrat,
763 1981 867 2044 etiam
889 1982 984 2062 apud
1000 1979 1148 2041 Plinium
1171 1979 1224 2062 (N.
1238 1979 1282 2044 H.
1300 1979 1365 2054 XI,

416 2114 465 2198 18)
496 2123 531 2177 et
558 2114 742 2177 Aelianum
772 2114 854 2197 (var.
876 2115 954 2177 hist„
977 2112 1029 2188 X,
1054 2134 1107 2189 21;
1129 2112 1218 2189 XII,
1239 2112 1294 2194 45)
1330 2123 1365 2176 et

411 2248 698 2331 Olympiodorum
733 2249 938 2322 invenimuS,
974 2246 1034 2329 qui
1069 2247 1114 2329 (in
1142 2246 1201 2311 vit.
1225 2246 1363 2311 Platon.

410 2403 442 2464 p.
461 2382 535 2464 583)
560 2383 624 2445 ait:

474 2531 709 2624 ..;.,μὲλιπαι
735 2529 967 2614 προςελθοῦσαι
990 2527 1236 2612 πετληρώκασιν
1262 2526 1363 2593 αὐτοῦ

408 2660 447 2726 τὸ
475 2662 580 2744 στόμα
608 2659 724 2745 κηρίων
756 2660 896 2745 μέλιτος,
929 2655 981 2723 ἵνα
1012 2653 1137 2742 ἀληθὲς
1165 2657 1234 2743 περὶ
1262 2658 1362 2723 αὑτοῦ

408 2792 552 2877 γένηται·

443 2923 517 3000 ,Τοῦ
531 2920 588 2985 καὶ
604 2915 666 2985 ἀπὸ
680 2920 832 3004 γλώττης
847 2919 973 3002 μέλιτος
987 2917 1129 3004 γλυκίων
1144 2917 1210 3002 ῥέεν
1227 2916 1325 3002 αὐδή]

409 3053 520 3136 Quem
535 3074 672 3117 versum
688 3053 832 3115 Homeri
849 3053 891 3136 (v.
908 3052 1005 3116 Iliad.
1021 3052 1048 3127 I,
1067 3053 1216 3133 249„ubi
1232 3051 1361 3114 Nestor

407 3165 568 3272 'liventis'
593 3187 796 3267 celebratur)
820 3185 942 3250 Cicero
966 3187 1014 3250 ita
1036 3184 1209 3249 transtulit
1234 3186 1290 3267 (de
1306 3204 1359 3246 se·

406 3332 546 3385 nectute
562 3321 627 3402 Xt:

463 3477 518 3531 ‚ex
534 3456 607 3518 eius
623 3456 746 3537 lingua
761 3453 862 3516 melle
878 3453 1010 3515 dulcior
1024 3443 1154 3514 fluebat
1166 3448 1302 3519 oratio!

407 3594 449 3674 (v.
476 3601 519 3653 et.
550 3610 627 3653 cum
659 3588 816 3651 Nestoris
846 3587 1002 3650 oratione
1033 3585 1164 3647 mellita
1194 3586 1357 3666 eloquen-
