3014 4522
753 554 993 616 4-1304

397 732 498 794 melle
523 752 600 794 eum
625 730 798 794 ambrosia
822 741 1033 814 nectareque
1058 744 1260 814 comparato
1285 733 1353 795 dis·

398 864 594 944 seruimusl:
620 914 715 940 .....
722 863 811 926 θεῶν
832 867 951 947 τροφῆς
973 862 1060 942 ὄντος
1081 869 1139 928 τοῦ
1160 863 1287 946 μέλιτος
1310 863 1355 928 διὸ

397 996 454 1061 καὶ
484 994 562 1080 φησί
590 1017 649 1060 που
682 996 800 1081 νέκταρ
833 993 980 1081 ἐρυθρόν·
1013 1002 1154 1061 τοιοῦτον
1182 993 1249 1082 γὰρ
1279 994 1356 1061 εἶναι

397 1129 493 1213 χροιᾷ
516 1125 555 1192 τὸ
582 1125 670 1210 μέλι]
708 1129 750 1211 (v.
772 1131 859 1194 Plin.
879 1131 921 1194 N.
935 1131 979 1196 H.
1001 1131 1070 1206 XI,
1092 1150 1148 1211 15:
1188 1129 1355 1222 ,martimo

392 1264 572 1329 laudabile
597 1271 714 1327 est...
738 1283 840 1328 omne
863 1266 1001 1329 rutilum
1027 1265 1145 1347 [mel]).
1170 1267 1212 1310 '-—

466 1409 580 1492 Quam
616 1411 807 1493 sepeliendi
841 1413 1010 1477 rationem
1046 1407 1092 1476 ex
1118 1412 1291 1495 Aegypto
1320 1411 1356 1473 in

399 1545 584 1611 Graeciam
615 1547 819 1610 translatam
844 1567 935 1622 esse,
967 1547 1021 1610 his
1045 1547 1162 1611 verbis
1184 1547 1356 1611 Herodoti

401 1681 582 1764 probabile
605 1680 642 1744 fit
667 1680 720 1764 (II,
738 1680 808 1762 86):

465 1811 601 1896 ,Πρῶτα
628 1809 684 1895 μὲν
711 1813 831 1894 σκολιῷ
856 1811 973 1896 σιδήρῳ
1000 1808 1052 1875 διὰ
1073 1816 1138 1876 τῶν
1164 1808 1359 1900 μυξωτήρων

402 1939 555 2030 ἐξάγουσι
573 1940 628 2007 τὸν
650 1940 840 2026 ἐγκέφαλον,
863 1937 977 2025 τὰμὲν
1000 1941 1099 2007 αὐτοῦ
1121 1939 1206 2007 οὕτω
1228 1938 1359 2030 ἐξάγον-

403 2094 464 2152 τες,
487 2067 532 2135 τὰ
554 2070 588 2135 δὲ
610 2068 769 2156 φάρμακα
792 2070 977 2156 ἐγχέοντες]

471 2223 561 2286 Nam
577 2223 651 2286 veri
668 2223 874 2286 simillimum
897 2222 997 2285 nobis
1020 2221 1167 2298 videtur,
1190 2222 1279 2285 inter
1300 2221 1360 2285 illa

404 2357 673 2431 medicamenta,
697 2377 791 2438 quae
810 2356 953 2420 mortuis
978 2354 1180 2439 Aegyptiis,
1203 2366 1241 2419 ut
1265 2354 1360 2438 apud

292 2529 296 2537 ·
403 2492 595 2554 Homerum
611 2489 783 2562 Patroclo,
807 2509 871 2571 per
886 2510 988 2553 nares
1005 2489 1266 2564 instillabantur,
1291 2489 1360 2551 mel

404 2644 543 2708 quoque
559 2623 674 2700 fuisse,
695 2624 791 2686 cuius
808 2623 993 2706 egregium
1008 2622 1044 2684 in
1059 2623 1231 2686 medicina
1246 2623 1360 2686 locum
1402 2683 1405 2688 .

398 2759 474 2844 iam
499 2757 737 2840 cognovimus.
768 2794 804 2802 --

471 2892 629 2955 Eundem
652 2912 783 2955 morem
809 2890 913 2954 etiam
934 2889 1139 2972 Babyloniis
1162 2888 1269 2952 fuisse
1294 2890 1361 2952 hoc

405 3046 452 3090 ex
474 3027 552 3090 loco
578 3026 734 3090 eiusdem
758 3026 908 3089 auctoris
937 3025 1133 3108 colligimus
1158 3024 1194 3107 (Ι,
1211 3025 1300 3104 198):

470 3156 589 3242 ,Ταραὶ
611 3155 645 3220 δέ
667 3176 724 3241 σφι
746 3153 777 3223 ἑν
800 3156 915 3240 μέλιτι·
948 3155 1060 3240 θρῆνοι
1083 3153 1116 3218 δὲ
1142 3152 1363 3239 παραπλήσιοι

406 3293 488 3352 τοῖσι
509 3287 541 3353 ἐν
562 3286 733 3372 Αἰγύπτῳ]

474 3403 601 3482 Persas
619 3429 735 3483 autem
747 3457 793 3499 ¹-
817 3430 912 3488 certe
930 3419 1068 3502 quidem
1085 3426 1229 3501 propter
1249 3417 1362 3481 mellis

407 3558 560 3639 inopiam
580 3557 622 3639 (v.
636 3555 709 3617 infr.
723 3553 884 3636 Agesilai
901 3552 985 3635 sep.)
1005 3589 1044 3598 -
1065 3571 1181 3615 ceram
1204 3551 1250 3614 ad
1273 3570 1362 3613 mor·
