3014 4522
533 636 750 699 *43⁴-

164 827 258 879 tasse
284 791 473 878 Creuzerus
505 816 547 898 (v.
570 811 690 897 Symb.
714 815 768 876 ed.
790 813 843 875 ΙΙΙ
863 813 920 913 lib.
938 812 989 874 IV
1006 831 1114 893 cap.<7

165 956 179 1026 5
193 954 212 1013 6
229 948 392 1031 praescr.)
410 969 488 1012 eam
504 946 662 1031 ,Symbol
679 950 741 1011 des
758 950 916 1010 edelsten
931 946 1117 1028 Kampfes’

163 1094 275 1147 vocat.
323 1081 395 1147 Sed
419 1083 548 1171 ibidem
576 1083 649 1147 sine
677 1084 748 1146 ullo
773 1085 980 1146 documento
1005 1084 1116 1156 docet,

163 1237 267 1298 apem
307 1218 402 1298 apud
439 1226 577 1281 veteres
597 1188 599 1192 Α
619 1237 721 1280 omen
761 1217 911 1280 faustum
951 1215 1116 1279 militibus

162 1350 278 1415 fuisse.
327 1349 439 1432 Quem
467 1371 618 1414 errorem
645 1351 760 1414 multis
789 1351 875 1414 locis
897 1350 1056 1414 refellere
1081 1359 1117 1413 et

162 1486 375 1567 redarguere
394 1484 562 1549 volumus
601 1486 644 1567 (v.
661 1484 854 1548 Alexandr.
871 1487 917 1548 ab
932 1485 1037 1549 Alex.
1054 1505 1115 1567 ge-

162 1620 241 1682 nial.
258 1619 341 1682 dier.
358 1619 415 1682 lib.
429 1619 463 1681 V
480 1639 508 1683 c.
526 1619 586 1699 13).
611 1654 653 1666 -

229 1767 302 1830 Iam
331 1787 374 1828 ex
403 1775 525 1849 quarto
555 1788 584 1829 a.
598 1765 676 1830 Chr.
689 1787 721 1829 n.
749 1767 889 1830 saeculo
919 1773 1115 1847 portentum

163 1899 290 1981 apium,
314 1920 458 1983 quarum
476 1920 626 1963 examen
647 1900 682 1962 in
698 1900 820 1963 Dionis
840 1899 1000 1982 navigiis,
1026 1898 1124 1980 quae'

161 2033 309 2116 Dionysi
331 2041 414 2096 natu
438 2033 578 2096 minoris
602 2034 769 2115 puniendi
792 2055 898 2096 causa
921 2033 1115 2116 Syracusas

161 2167 242 2229 vela
266 2167 443 2245 direxere,
473 2167 601 2230 milites
622 2166 656 2229 in
680 2167 790 2249 puppi
814 2167 995 2231 considere
1019 2167 1114 2229 vide·

161 2311 248 2375 runt,
270 2301 371 2363 nobis
394 2302 542 2397 relatum
566 2311 629 2364 est.
677 2298 779 2381 Quod
802 2300 1001 2383 prodigium
1024 2300 1114 2382 peri·

162 2444 216 2497 tos
244 2435 365 2498 timere
390 2435 520 2510 docuit,
550 2457 593 2498 ne
621 2457 678 2498 res
707 2434 923 2518 magnificae,
955 2455 1032 2498 cum
1054 2434 1114 2496 flo-

161 2569 310 2633 ruissent
324 2570 512 2652 paulisper,
528 2570 716 2633 interirent.
752 2569 842 2632 Nam
859 2570 894 2631 in
906 2570 1020 2632 Dione
1036 2569 1115 2631 Plu·

160 2703 272 2767 tarchi
297 2705 337 2786 (c.
360 2703 410 2786 24)
434 2714 535 2767 vates
560 2704 700 2788 quidam
716 2705 835 2768 Miltas
851 2704 980 2767 timidis
1003 2703 1114 2765 militi·

159 2840 224 2901 bus
254 2838 392 2922 signum
423 2837 512 2901 caeli
540 2840 708 2920 explanat
735 2847 771 2901 et
800 2840 844 2901 de
873 2837 997 2920 apibus
1027 2838 1115 2900 haec

160 2970 276 3035 addit:
310 3017 388 3047 ‚....
410 2967 448 3033 τὸ
471 2967 505 3032 δὲ
525 2973 591 3032 τῶν
612 2971 784 3052 μελισσῶν,
811 2963 845 3032 αἳ
865 2967 933 3052 περὶ
953 2963 998 3032 τὰ
1019 2969 1116 3032 πλοῖα

157 3107 216 3166 τοῦ
236 3099 350 3180 Δίωνος
375 3098 546 3187 ὤφθησαν,
569 3099 662 3187 ἑσμὸν
681 3100 911 3190 λαμβάνουσαν
928 3096 1020 3166 κατὰ
1041 3100 1115 3186 πρύ-

157 3252 246 3314 μναν,
267 3231 419 3317 telana
434 3231 531 3298 αὑτὸν
549 3233 693 3313 καὶτοὺς
712 3235 821 3317 φίλους
837 3230 957 3319 ἔφραζε
978 3232 1115 3309 δεδιέναι

156 3360 202 3446 μὴ
234 3361 338 3427 καλαὶ
371 3360 426 3446 μὲν
456 3364 490 3428 αἰ
517 3361 643 3453 πράξεις
673 3364 774 3429 αὐτοῦ
802 3364 973 3449 γένωνται,
1002 3363 1115 3447 χρόνον

156 3492 183 3556 δ’
206 3491 314 3576 ὀλίγον
336 3486 530 3578 ἀνθήσασαι
551 3495 778 3580 μαρανθῶσιν.
802 3533 842 3540 -

48 3626 51 3633 ’
225 3625 347 3710 Itaque
385 3626 469 3704 Die,
512 3649 720 3712 quamquam
756 3627 817 3711 (A0
840 3625 1114 3692 CCCXXXVII
