3014 4522
544 629 761 692 4⁴55*

170 809 358 893 imperator
395 818 516 872 contra
550 808 779 871 Pescennium
809 806 957 890 Nigrum
992 811 1127 893 imperii

170 943 334 1026 cupidum
350 941 469 1025 gessit,
491 943 639 1024 primurn
656 941 880 1019 Aemilianus,
905 946 1006 1009 huius
1027 946 1125 1028 lega·

168 1090 233 1152 tuS,
258 1077 292 1140 in
309 1077 441 1160 proelio
458 1079 503 1140 ad
520 1076 683 1159 Cyzicum
702 1077 763 1159 (A0
777 1076 923 1141 CXCIII
938 1100 972 1162 p.
987 1079 1064 1146 Chr.
1080 1083 1124 1164 n.)

169 1213 355 1276 commisso
371 1213 416 1275 ab
434 1212 523 1274 illius
539 1212 667 1294 legatis
683 1221 866 1293 superatus
884 1212 1027 1289 interiit3
1052 1226 1124 1280 tum
1179 1294 1181 1299 s

167 1347 278 1429 Niger
301 1347 376 1429 ipse
400 1347 435 1408 in
458 1365 588 1428 magna
611 1365 733 1428 pugna
761 1346 806 1407 a'd
830 1346 942 1408 Issum
970 1340 1016 1426 (ἐν
1035 1347 1126 1431 Ἰσσῷ

167 1477 242 1562 πρὸς
264 1482 336 1556 ταῖς
357 1477 571 1561 καλουμέναις
592 1474 728 1554 Πύλαις)
750 1477 843 1542 facta
859 1478 1065 1562 profligatus
1089 1491 1123 1544 et

168 1613 214 1675 ad
230 1612 432 1696 Euphraten
452 1611 591 1693 fugiens
614 1633 635 1674 a
655 1612 819 1675 militibus
837 1609 959 1676 Severi
978 1623 1123 1678 necatus

168 1757 231 1810 est.
269 1745 364 1828 Quas
380 1766 436 1808 res
453 1748 622 1809 adversas
639 1746 670 1809 ei
684 1766 822 1829 quoque
839 1768 988 1811 examen
1004 1749 1122 1830 apium

168 1881 433 1964 praenuntiasse
451 1879 520 1942 Dio
537 1880 676 1944 Cassius
698 1880 745 1943 ita
761 1880 866 1944 refert
879 1881 1060 1964 (LXXIV,
1075 1883 1121 1964 6):

167 2011 351 2095 ,Γενομένων
363 2012 397 2076 δὲ
413 2010 502 2094 αὐτῷ
516 2010 652 2096 σημείων
664 2010 722 2076 οὐκ
735 2005 876 2097 ἀγαθῶν
887 2009 1064 2098 ἐταράχθη

167 2141 317 2225 μέλισσαι
338 2141 436 2226 κηρία
458 2141 526 2226 περὶ
547 2137 592 2206 τὰ
615 2147 732 2226 σημεῖα
752 2137 797 2206 τὰ
812 2142 1040 2228 στρατιωτικά,
1061 2143 1121 2225 τάς

166 2295 203 2338 τε
222 2272 343 2352 εἰκόνας
363 2272 463 2337 αὑτοῦ
486 2275 609 2357 (Nigri)
632 2269 778 2355 μάλιστα
792 2273 1029 2358 περιέπλασσον.
1062 2273 1121 2341 Διὰ

165 2413 274 2472 ταῦτα
296 2407 347 2472 οὖν
370 2401 487 2492 ἀπῆρεν
510 2407 551 2485 εἰς
572 2405 611 2472 τὸ
632 2400 888 2493 Βυζάντιον...]

233 2554 368 2638 Viginti
396 2562 544 2636 quatuor
573 2542 688 2617 autem
717 2555 814 2618 annis
842 2564 922 2637 post
945 2556 1119 2621 Macrinus

166 2690 366 2771 imperator,
390 2698 577 2772 postquam
601 2700 722 2753 contra
737 2689 956 2753 Artabanum
972 2690 1118 2756 Partho-

165 2843 240 2886 rum
268 2843 390 2907 regem
414 2825 503 2887 male
527 2825 700 2907 pugnavit
725 2845 765 2888 ac
790 2825 916 2888 milites
939 2826 1117 2890 Pseudan·

165 2958 319 3021 toninum
334 2959 380 3022 ad
397 2958 580 3042 imperium
596 2961 843 3041 produxerunt,
862 2980 938 3022 cum
952 2959 1020 3024 filio
1038 2982 1117 3024 ene·

166 3102 264 3157 catus
293 3104 355 3158 est.
409 3090 511 3173 Quod
541 3093 683 3157 exitium
712 3095 794 3156 item
822 3094 939 3177 apium
969 3116 1118 3160 examen

164 3239 475 3311 praemonstrasse,
511 3227 579 3291 Dio
603 3227 744 3291 Cassius
775 3229 842 3293 hoc
871 3232 973 3293 modo
998 3231 1118 3295 scribit

165 3361 383 3444 (LXXVIII,
398 3361 464 3442 25):
479 3358 629 3442 μέλισσαι
643 3359 739 3445 κηρία
755 3359 786 3424 ἐν
801 3364 842 3446 τῇ
856 3360 971 3448 βοαρίᾳ
986 3359 1117 3428 ἑνέπλα-

165 3515 282 3560 σαν...
303 3495 536 3559 uulfi-

232 3628 393 3711 Denique
423 3630 528 3693 etiam
557 3641 680 3712 quarto
705 3634 844 3696 saeculo
869 3631 929 3714 (A0
944 3630 1115 3696 CCCLIX
