3014 4522
749 568 993 629 *1464-

441 744 579 807 'Inferis
605 765 690 808 vero
714 745 781 808 diis
805 746 965 809 omnibus
990 759 1024 810 et
1049 747 1171 809 animis
1200 758 1351 809 mortuo-

391 900 467 942 rum
484 881 629 942 heroum
645 879 763 942 vinum
785 900 854 942 non
871 902 964 962 aqua
988 883 1051 943 sed
1076 881 1178 943 melle
1202 882 1352 944 mixtum

391 1015 436 1076 ab
452 1014 577 1076 Iasone
594 1015 739 1077 libatum
764 1034 842 1076 esse
858 1014 1067 1095 Apollonius
1084 1015 1246 1077 Rhodius
1272 1013 1351 1097 (Ar-

390 1168 471 1230 gon.
488 1147 531 1223 H,
547 1147 642 1230 1271)
667 1147 715 1212 ita
738 1146 861 1210 refert:

433 1276 550 1358 ,Αίιτός
572 1278 598 1341 δ’
621 1277 784 1362 Αἰσονίδης
805 1276 936 1362 χρυσέῳ
958 1276 1136 1360 ποταμόνδε
1157 1275 1310 1360 κυπέλλῳ

436 1406 527 1473 Οίνου
551 1403 740 1493 ἀκηρασίοιο
763 1407 984 1492 μελισταγέας
1005 1406 1063 1492 χέε
1084 1403 1194 1493 λοιβὰς

434 1539 516 1624 Γαίη
538 1543 566 1603 τ’
590 1536 752 1617 ἐνναέταις
774 1559 811 1601 τε
832 1538 920 1616 θεοῖς
944 1535 1062 1624 ἀμυχαῖς
1083 1558 1120 1600 τε
1141 1537 1310 1620 καμόντων

428 1670 578 1755 Ἡρώων·
601 1674 753 1754 γουνοῦτο
776 1668 802 1731 δ’
819 1662 984 1750 ἀπήμονας
1006 1663 1083 1730 εἶναι
1106 1662 1252 1751 ἀρωγοὺς

436 1800 598 1885 Ευμενέως
619 1799 676 1863 καὶ
697 1797 768 1883 νηός
791 1795 937 1881 ἐναίσιμα
959 1795 1130 1880 παίσματα
1153 1795 1292 1881 aegeae
1311 1837 1352 1842 -

393 1939 437 2019 (v.
462 1934 551 2009 infr„
579 1934 639 1996 ubi
667 1933 711 1995 de
739 1930 913 2016 Nymphis
945 1930 1149 2005 scribemus,
1185 1930 1353 1993 Meliboei

394 2050 606 2133 exsequias).
622 2081 624 2084 ⁴

460 2184 563 2246 Alias
588 2184 633 2245 ob
658 2201 783 2245 causas
807 2181 876 2242 mel
900 2180 1034 2260 superis
1059 2180 1124 2242 diis
1148 2181 1353 2262 deabusque

394 2330 428 2382 et
446 2319 610 2382 heroibus
635 2326 671 2380 et
693 2316 857 2399 nymphis
882 2314 1150 2389 sacrificabatur,
1175 2313 1353 2396 plerisque

393 2473 478 2516 vero
503 2460 646 2535 propter
674 2425 786 2513 mellis
815 2449 951 2513 colendi
974 2449 1219 2522 inventionem,
1247 2468 1353 2530 quarn

394 2597 532 2649 veteres
575 2584 810 2666 compluribus
846 2584 1091 2666 ascripserunt.
1149 2582 1354 2646 Aristaeum

395 2732 521 2795 autem,
546 2740 648 2801 quem
665 2718 734 2781 iam
749 2739 855 2801 supra
872 2739 891 2781 e
907 2719 1021 2781 bubus
1038 2716 1244 2799 putrefactis
1267 2735 1354 2798 apes

392 2856 542 2938 gignere
591 2853 741 2936 primum
787 2853 948 2916 docuisse
995 2849 1354 2922 commemoravimus

393 2987 509 3051 mellis
532 3009 670 3071 quoque
693 2988 828 3051 colendi
848 2987 1064 3049 inventorem
1088 3004 1167 3048 esse
1195 2983 1353 3066 plerique

394 3121 624 3186 crediderunt.
673 3119 731 3185 Sic
759 3120 794 3183 in
818 3120 1008 3202 Apollonio
1031 3118 1175 3181 Rhodio
1205 3115 1353 3198 (Argon.

394 3237 455 3311 IV,
479 3239 572 3318 1132)
597 3237 764 3319 legimus:

436 3367 551 3453 ,Κοόρη
574 3373 725 3455 (Macris)
747 3368 930 3453 Ἀρισταίοιο
958 3367 1154 3450 μελίφρονος,
1182 3363 1215 3443 ός
1236 3363 1279 3448 ῥα
1301 3382 1356 3447 με·

1115 3479 1253 3547 λισσέων

430 3597 540 3683 Ἔργα
562 3598 777 3683 πολυκμήτοιό
799 3619 836 3661 τε
859 3592 1016 3681 ἀνέόρατο
1039 3602 1113 3682 πῖαρ
1136 3593 1261 3679 έλαίης’
