3014 4522
762 573 979 634 *⁴724-

463 746 541 829 Qua
565 771 610 812 ex
631 748 848 832 Anthologia
870 751 923 832 (V,
938 751 990 833 32)
1011 753 1079 814 hae
1102 772 1239 833 quoque
1259 751 1351 814 face·

396 883 464 947 tiae
499 884 706 966 Argentari,
741 905 828 966 quas
864 887 909 948 ad
941 885 1138 960 Melissam,
1173 885 1353 948 mulierem

397 1020 571 1100 quandam
606 1019 839 1093 libidinosam,
878 1019 987 1092 misit,
1026 1020 1353 1083 commemorandae

397 1162 493 1215 sunt:

440 1317 550 1396 ,Πσιεῖς
564 1313 679 1394 πάντα,
695 1315 853 1394 Μέλισσα,
869 1315 1043 1401 φιλανθέος
1058 1315 1140 1402 ἔργα
1155 1290 1321 1403 μελίσσης·

483 1445 564 1512 Οἶδα
585 1447 643 1511 καὶ
664 1447 696 1526 ἐς
717 1446 848 1532 κραδίην
870 1454 973 1524 τοῦτο,
995 1446 1098 1531 γύναι,
1120 1446 1260 1531 τίθεμαι.

440 1577 504 1640 Καὶ
523 1575 666 1661 μέλιξμὲν
681 1573 811 1668 στάζεις
830 1574 890 1641 ὑπὸ
908 1575 1048 1662 χείλεσιν
1067 1575 1128 1661 ἡδὺ
1145 1556 1297 1663 φιλεῦσα·

475 1706 538 1770 Ἤν
560 1707 585 1770 δ’
610 1707 706 1788 αἰτῇς,
728 1705 849 1791 κέντρῳ
872 1706 982 1792 αἰμμα
1004 1706 1105 1792 φέρεις
1128 1703 1252 1773 ἄδικον]

465 1886 556 1968 Apis
595 1905 681 1967 ergo
719 1897 863 1968 propter
903 1887 972 1949 mel
1006 1888 1117 1951 solum
1152 1888 1355 1952 deliciarum

399 2019 525 2082 amoris
561 2020 756 2101 symbolum
786 2029 873 2095 erat,
909 2041 973 2104 pro
1005 2042 1074 2103 qua
1097 2024 1224 2104 poetae
1251 2024 1354 2085 melle

399 2155 476 2238 ipso
511 2174 649 2236 quoque
684 2155 885 2229 utebantur3
921 2176 1024 2236 quem
1062 2176 1181 2218 sucum
1209 2177 1355 2220 suavem

401 2310 478 2352 cum
495 2288 622 2351 osculis
639 2288 832 2369 puellarum
856 2289 996 2371 saepius
1017 2298 1255 2381 comparatum
1276 2311 1355 2352 esse

399 2423 592 2486 invenimus
621 2425 664 2504 (v,
682 2422 741 2485 W.
759 2422 905 2485 Menzel.
927 2422 1038 2505 Myth.
1055 2424 1198 2487 Forsch.
1217 2443 1251 2504 p.
1269 2424 1353 2501 223).

399 2557 452 2620 Ita
476 2557 510 2619 in
527 2555 718 2620 Claudiano
735 2557 823 2618 haec
839 2555 990 2636 legimus
1011 2556 1174 2638 (Epithal.
1190 2556 1353 2619 Laurent.

400 2703 435 2755 et
457 2691 544 2754 Mar.
563 2690 634 2771 80):

444 2839 581 2913 ‚Mellea
602 2846 683 2900 tunc
705 2837 814 2900 roseis
835 2839 1042 2900 haerescant
1064 2839 1163 2903 basia
1183 2839 1309 2902 labris'.

399 2992 443 3055 Et
466 2991 500 3052 in
524 2990 688 3054 Petronio
713 2991 842 3072 (Frgm.
860 2991 955 3069 863):

445 3145 584 3222 ‚Mellea
607 3110 819 3228 purpureum
844 3145 1051 3225 depromunt
1076 3163 1137 3207 ora
1159 3146 1321 3207 ruborem

445 3281 647 3361 Lacteaque
661 3279 836 3342 admixtus
854 3278 1016 3342 sublimat
1029 3287 1174 3360 pectora
1190 3278 1355 3362 sanguis!

400 3434 521 3516 Atque
536 3433 696 3496 Alcimus
721 3435 764 3513 (v.
782 3433 879 3495 Poet.
896 3433 955 3495 lat.
972 3433 1052 3495 min.
1069 3433 1136 3496 vol.
1149 3431 1228 3507 VH,
1245 3453 1279 3514 p.
1294 3452 1353 3511 135

402 3570 456 3634 ed.
473 3568 653 3650 Wernsd.)
679 3567 789 3629 canit:
