3014 4522
765 581 1004 645 *126*

409 776 534 820 naeum
555 757 622 820 hac
639 758 682 820 de
703 777 740 820 re
756 777 825 820 non
848 768 973 841 argute
997 759 1178 843 scripsisse
1202 770 1361 844 apparet.

409 889 483 954 Nos
516 891 656 972 quidem
685 889 811 955 Corsos
843 912 911 956 non
940 892 1117 958 Corsicum
1148 895 1217 958 mel
1249 895 1365 958 edisse

411 1032 587 1105 putamus,
617 1045 698 1089 nam
727 1035 761 1090 et
788 1028 858 1089 mel
881 1028 1018 1091 celebre
1041 1027 1242 1112 Hyblaeum
1272 1027 1366 1090 haud

408 1157 515 1239 longe
545 1157 629 1221 afuit
660 1170 694 1223 et
718 1181 764 1223 ex
787 1161 985 1243 longinquis
1009 1181 1147 1244 quoque
1170 1160 1270 1224 terris
1296 1160 1366 1222 mel

410 1292 538 1354 advehi
558 1293 817 1357 usitatissimum
839 1304 914 1358 erat
935 1296 977 1378 (v.
990 1294 1282 1379 Magerstedtium
1297 1295 1365 1357 hac

411 1426 454 1487 de
470 1445 508 1487 re
524 1425 544 1489 l.
558 1425 579 1490 l.
603 1447 636 1508 p.
652 1447 703 1507 ρο.
721 1448 771 1509 93,
796 1429 920 1511 quibus
936 1430 1027 1493 hunc
1048 1430 1163 1493 locum
1181 1428 1366 1493 Machonis

410 1561 504 1641 apud
535 1559 758 1625 Athenaeum
793 1563 917 1645 Deipn.
940 1562 1048 1636 XIII,
1068 1583 1124 1642 45,
1148 1580 1209 1640 c.5
1232 1583 1265 1645 p.
1283 1566 1365 1640 582:

418 1689 583 1774 Ὑμήττιόν
608 1712 645 1755 τε
670 1693 888 1777 φορτιούμενος
913 1691 998 1776 μὲλι’
1026 1697 1155 1758 addere
1185 1693 1365 1775 volumus).

481 1847 530 1909 Ut
546 1847 652 1930 igitur
668 1848 875 1912 sententiam
890 1856 1044 1911 nostram
1059 1847 1179 1931 paucis
1196 1846 1366 1909 dicamus:

417 1978 514 2043 Corsi
544 1982 695 2045 edebant
725 1982 794 2044 mel
823 1991 858 2046 et
889 1981 946 2044 diu
976 1981 1156 2058 vivebant,
1187 1981 1268 2063 quia
1298 1979 1368 2043 mel

416 2115 512 2178 cibus
536 2135 641 2177 sanus
665 2124 728 2179 est.
755 2152 791 2161 —

483 2247 585 2313 Certe
602 2249 741 2330 quidem
758 2251 904 2312 eandem
921 2260 1063 2331 propter
1078 2247 1247 2311 rationem
1264 2246 1368 2310 etiam
1453 2270 1456 2298 ι

411 2382 648 2465 Pythagoreis
672 2384 741 2445 mel
764 2381 907 2445 maximi
929 2381 1094 2444 momenti
1118 2388 1200 2455 erat,
1225 2381 1269 2442 de
1294 2379 1367 2461 qui·

411 2519 476 2579 bus
513 2517 608 2598 apud
642 2516 840 2599 Diogenem
873 2515 1050 2579 Laertium
1089 2515 1177 2576 haec
1214 2513 1365 2595 legimus

413 2650 519 2733 (VIII,
537 2670 565 2713 c.
584 2673 595 2713 1
617 2660 699 2713 sect.
722 2654 758 2714 18
778 2649 878 2732 [19]):

475 2778 615 2864 ...,φασὶ
632 2801 774 2859 τινες...
797 2774 971 2864 ἀρκεῖσθαι
992 2779 1095 2862 μέλιτι
1116 2778 1201 2860 μόνῳ
1222 2771 1244 2859 ἣ
1265 2775 1366 2862 κηρίῳ

410 2905 432 2992 ἣ
454 2903 551 2993 ἄρτῳ.
573 2907 654 2982 οἴνου
676 2909 710 2974 δὲ
731 2910 805 2993 μεθ’
827 2904 948 2993 ἡμέραν
969 2892 1014 2994 μὴ
1035 2905 1212 2993 γεύεσθαι]
1228 2944 1268 2952 -
1289 2907 1367 2990 Qua

412 3047 456 3108 de
479 3066 517 3109 re
540 3046 746 3111 Athenaeus
770 3065 908 3129 quoque
939 3045 987 3108 ita
1010 3043 1148 3108 disserit
1176 3043 1218 3126 (v.
1235 3044 1256 3105 l.
1269 3041 1289 3106 1.
1307 3061 1363 3123 ap.

411 3179 631 3263 Democrit.):

475 3316 629 3389 ,....τῶν
650 3310 888 3395 Πυθαγορικῶν
915 3309 949 3374 δὲ
969 3307 1072 3394 τροφὴ
1098 3308 1135 3398 ἦν
1162 3303 1258 3393 ἄρτος
1281 3303 1366 3391 μετὰ

412 3441 550 3524 μέλιτος,
577 3439 620 3519 ὥς
642 3461 736 3525 φησιν
758 3438 981 3528 Ἀριστόξενος·
1013 3437 1086 3517 τοὺς
1107 3437 1367 3523 προςιρερομένους

414 3568 499 3635 αὐτὰ
524 3565 574 3634 ἀεὶ
593 3566 638 3634 ἐτ’
655 3565 777 3654 ἀρίστῳ
795 3569 901 3655 λέγων
924 3563 1056 3647 ἀνόσους
1077 3567 1238 3632 διατελεῖν
1262 3570 1305 3651 (ν.
1321 3577 1366 3632 et.
