3014 4522
524 595 742 658 *93*

226 768 299 833 Sed
315 771 419 833 etiarn
436 773 675 870 sacerdotibns
692 774 836 848 Dianae,
857 773 993 838 Cereris
1011 775 1111 850 filiae,

158 905 253 985 apud
269 903 472 988 Aegyptios
489 908 569 988 (qua
586 908 630 969 de
645 928 683 969 re
700 928 731 969 v.
745 909 894 973 Pausan.
910 909 1004 985 VIII,
1024 930 1074 989 37,
1092 915 1110 973 6

159 1041 298 1101 secund.
308 1038 478 1122 Aeschyl.
491 1039 614 1122 fragm.
630 1060 702 1120 424.
714 1042 864 1105 Ahrens.
874 1043 981 1107 Paris
993 1044 1109 1106 Didot.

163 1170 257 1252 1842)
293 1191 370 1233 cum
403 1172 528 1254 apibus
560 1194 615 1236 res
646 1186 729 1238 erat.
785 1175 985 1258 Aeschylus
1021 1176 1111 1239 enim

158 1323 277 1366 earum
289 1305 337 1367 ita
349 1306 559 1368 mentionem
571 1306 670 1371 facit:
690 1303 879 1388 ,Εὑφαμεῖτε
894 1305 1112 1389 μελισσονόμοι

159 1472 199 1478 -
223 1433 315 1518 δόμον
337 1435 515 1519 Ἀρτέμιδος
533 1436 633 1514 πέλας
658 1435 760 1522 οἴγειν
785 1441 826 1522 (ν.
848 1442 971 1524 fragm.
991 1449 1049 1521 361
1078 1457 1112 1505 et

158 1570 337 1653 Aristoph.
352 1573 444 1637 Ran.
462 1595 493 1636 v.
508 1595 565 1655 127
571 1595 588 1652 3
607 1587 641 1637 et
657 1576 764 1657 Pape‚
782 1574 919 1639 Griech.
934 1578 1109 1643 Wiirterb.

159 1724 184 1769 s,
209 1703 472 1787 ,μελισσονόμοι’.)

224 1844 343 1925 Atque
367 1844 470 1906 iidem
496 1843 697 1904 sacerdotes
722 1842 826 1904 etiarn
857 1839 1004 1922 Ἐσσήνες
1042 1843 1113 1924 (aut

157 1978 363 2060 populorum
388 1987 448 2039 aut
471 1976 587 2056 apium
613 1974 744 2056 ,reges’‚
769 1985 806 2038 ut
828 1996 933 2057 supra
950 1976 1110 2071 vidimus)

156 2112 430 2175 nominabantur.

224 2245 264 2306 Id
280 2246 373 2326 quod
389 2245 582 2306 Pausanias
598 2245 646 2306 ita
662 2244 767 2306 tradit
784 2245 851 2325 (lib.
864 2244 958 2319 VIII,
972 2265 1004 2326 p.
1022 2246 1111 2325 776):

222 2373 310 2452 ,Τοὺς
331 2379 371 2456 τῇ
393 2374 549 2458 Ἀρτέμιδι
575 2372 757 2458 ἱστιάτορας
779 2379 819 2456 τῇ
841 2375 971 2458 Ὲςοεσὶᾳ
990 2374 1112 2459 γινομέ-

157 2525 233 2584 νους,
255 2503 469 2588 καλουμένους
491 2505 525 2568 δὲ
546 2503 605 2569 ὑπὸ
626 2511 690 2568 τῶν
712 2505 849 2568 πολιτῶν
871 2505 1042 2588 Ἐσσῆνας]
1153 2479 1156 2483 ⁵

224 2644 337 2727 Quam
369 2648 414 2708 ad
442 2667 515 2710 rem
544 2648 632 2709 haec
661 2648 769 2709 verba
793 2646 951 2710 Creuzeri
977 2646 1108 2730 (Symb.

158 2780 217 2854 IV,
236 2783 311 2861 347)
335 2781 478 2843 laudare
502 2782 678 2843 volumus:

225 2914 394 2996 ,Kiinigs
424 2916 494 2977 und
518 2915 791 2977 Priesterwiirde
819 2935 936 2977 waren
968 2935 1029 2976 aus
1059 2936 1111 2976 ur-

159 3049 246 3111 alter
274 3048 347 3110 Zeit
375 3049 509 3110 vereint
544 3049 578 3110 In
608 3048 688 3109 dem
721 3040 831 3129 ἄρχων
859 3042 1009 3129 βασιλεύς
1042 3049 1111 3109 und

159 3183 273 3245 seIner
302 3180 421 3245 Gattin
456 3182 525 3243 und
561 3183 595 3244 in
631 3183 710 3243 dem
745 3202 809 3243 rex
838 3179 1049 3243 sacrificulus
1078 3181 1111 3241 in

158 3314 280 3378 Rom'.
295 3367 301 3378 .
318 3363 346 3378 ..
384 3313 616 3395 Spanhemius
641 3334 724 3375 vero
749 3314 804 3395 (ad
822 3313 1022 3376 Callimach.
1040 3313 1111 3374 Iov.

159 3450 212 3530 οὐ)
234 3449 387 3512 Essaeos
408 3450 482 3511 sive
500 3449 660 3521 Essene5‚
684 3450 887 3509 sacerdotes
904 3447 1111 3508 Iudaeorum

158 3621 200 3628 -
225 3585 296 3666 qui,
332 3594 369 3645 ut
397 3584 561 3665 legimuS,
591 3583 699 3644 vitam
727 3602 850 3664 puram
878 3582 1050 3662 gerebant
1078 3588 1113 3640 et
