3014 4522
465 592 764 654 'fs-1⁶27*

167 766 345 831 Iamblich.
368 769 411 831 de
428 768 486 832 vit.
508 769 659 852 Pythag.
687 770 740 835 ed.
757 770 899 834 Kuster.
923 768 1116 833 Amstelod.

173 919 252 981 1707
271 922 301 968 c.
314 901 418 968 XXI.
436 903 505 966 init.
524 913 559 966 et
573 903 743 986 Porphyr.
761 903 804 966 de
820 903 879 967 vit.
893 902 1044 986 Pythag.
1062 905 1116 966 ed.

165 1034 366 1099 Holstenius
390 1046 473 1101 sect.
491 1058 541 1117 34,
565 1038 625 1101 ubi
647 1039 771 1100 eadem
794 1037 995 1119 traduntur).

232 1167 335 1232 Cuius
360 1170 427 1233 cibi
451 1171 677 1252 symbolicam
703 1169 990 1252 significationem
1013 1169 1116 1233 Arte·

164 1303 317 1366 midorus
347 1303 396 1366 ita
420 1305 523 1367 docet
548 1303 736 1388 (Oneirocr.
753 1305 796 1380 V,
813 1310 853 1385 83
880 1307 932 1368 ed.
958 1304 1117 1368 Hercher

162 1436 390 1519 Lips.1864):

226 1565 344 1655 ,Ἔδοξὲ
376 1588 423 1647 τις
455 1563 550 1653 ἄρτον
587 1563 779 1654 ἀποβάπτων
812 1569 853 1646 εἰς
885 1567 956 1650 μὲλι
989 1565 1115 1633 ἐσθιειν.

163 1695 213 1760 ἐπὶ
233 1697 350 1782 λόγους
376 1697 600 1782 φιλοσοφινοίις
626 1697 767 1783 ὁρμήσας
793 1696 850 1761 ναὶ
871 1695 929 1782 τήν
951 1695 982 1759 ἐν
1009 1696 1115 1774 αὐτοῖς

161 1824 275 1910 σοφίαν
303 1823 471 1912 ἑπορὶσατο
500 1827 557 1892 ναὶ
584 1824 787 1912 περιεβάλετο
808 1826 965 1912 χρήματα
994 1821 1114 1891 πολλὰ·

161 1951 310 2040 ἐσήμαινε
337 1953 403 2042 γὰρ
430 1957 468 2022 τὸ
496 1958 568 2040 μέλι
593 1957 651 2042 τὴν
674 1957 814 2021 εὐέπειαν
836 1961 894 2041 τῆς
916 1956 1042 2041 σοφίας,
1071 1953 1114 2034 ὡς

160 2085 249 2164 εἰνιός,
271 2085 325 2151 τὸν
346 2086 494 2171 πορισμὸν
515 2085 550 2152 δὲ
571 2087 587 2152 ὁ
609 2083 720 2172 ἄρτος]
737 2126 777 2134 -

228 2234 359 2300 Sobriis
376 2250 492 2302 autem
502 2239 735 2323 Pythagoreis
752 2240 852 2322 panis
868 2239 969 2301 melle
987 2239 1111 2303 tinctus

159 2370 376 2452 aptissimum
393 2371 591 2436 alimentum
608 2382 683 2436 erat
700 2372 803 2436 etiam
816 2381 1003 2455 propterea
1019 2375 1113 2455 quod

163 2504 231 2566 mel
248 2505 361 2568 ebrios
378 2506 511 2595 sobrios
522 2508 669 2569 reddere
683 2508 869 2589 putabatur
882 2506 924 2587 (v.
937 2505 1111 2569 Plutarch.

163 2635 323 2720 Sympos.
340 2638 391 2701 ΙΙΙ
415 2650 547 2721 quaest.
567 2658 593 2719 7,
616 2645 673 2716 52.
716 2638 870 2702 Macrob.
895 2636 966 2702 Sat.
984 2638 1061 2714 VII,
1078 2659 1111 2718 7;

161 2771 324 2854 Berytius
348 2773 382 2835 in
406 2772 514 2856 Geop.
531 2772 606 2836 libr.
623 2772 701 2849 VII,
719 2793 747 2837 c.
763 2793 812 2850 23,
828 2778 843 2850 ς
861 2773 899 2853 ι).
926 2809 966 2818 -—

228 2905 299 2968 Mel
336 2927 420 2970 vero
458 2907 562 2971 etiam
606 2906 871 2969 somniculosum
910 2905 1111 2987 ebriumque

159 3040 306 3103 reddere
331 3040 565 3104 existimatum
596 3051 662 3116 est,
697 3061 766 3123 qua
801 3038 836 3101 in
862 3059 900 3101 re
923 3037 1111 3121 ancipitem

159 3174 232 3236 eius
266 3184 425 3238 naturam
465 3196 570 3257 supra
603 3175 779 3237 laudatam
818 3172 1110 3254 recognoscimus,

155 3307 277 3371 lovem
302 3309 391 3372 enim
416 3309 509 3389 apud
526 3307 703 3391 Orpheum
728 3307 830 3368 melle
854 3302 1051 3379 Saturnum,
1073 3313 1110 3365 ut

157 3451 354 3518 exsecaret,
385 3442 517 3504 ebrium
540 3441 733 3504 reddidisse
758 3450 792 3502 et
817 3439 1000 3521 sopivisse‚
1026 3438 1110 3500 Por·

156 3577 302 3660 phyrius
325 3579 391 3640 hoc
416 3578 519 3639 modo
544 3577 647 3639 tradit
672 3576 715 3658 (d.
732 3575 830 3639 Antr.
848 3572 888 3635 N.
904 3570 1026 3652 xvll:
