<?xml version="1.0" encoding="UTF-8"?>
<!DOCTYPE html PUBLIC "-//W3C//DTD XHTML 1.0 Transitional//EN"
    "http://www.w3.org/TR/xhtml1/DTD/xhtml1-transitional.dtd">
<html xmlns="http://www.w3.org/1999/xhtml" xml:lang="en" lang="en">
 <head>
  <title>
</title>
<meta http-equiv="Content-Type" content="text/html;charset=utf-8" />
  <meta name='ocr-system' content='tesseract 3.04.00' />
  <meta name='ocr-capabilities' content='ocr_page ocr_carea ocr_par ocr_line ocrx_word'/>
</head>
<body>
  <div class='ocr_page' id='page_1' title='image "./deapiummellisqu00torgoog_0109.png"; bbox 0 0 3014 4522; ppageno 0'>
   <div class='ocr_carea' id='block_1_1' title="bbox 731 529 970 592">
    <p class='ocr_par' dir='ltr' id='par_1_1' title="bbox 731 529 970 592">
     <span class='ocr_line' id='line_1_1' title="bbox 731 529 970 592; baseline 0.004 -7"><span class='ocrx_word' id='word_1_1' title='bbox 731 529 970 592; x_wconf 44' lang='lat'>*104*</span> 
     </span>
    </p>
   </div>
   <div class='ocr_carea' id='block_1_2' title="bbox 374 707 1326 1194">
    <p class='ocr_par' dir='ltr' id='par_1_2' title="bbox 374 707 1326 1194">
     <span class='ocr_line' id='line_1_2' title="bbox 443 707 1325 790; baseline 0.005 -22"><span class='ocrx_word' id='word_1_2' title='bbox 443 707 603 789; x_wconf 87' lang='lat' dir='ltr'><strong>Plerique</strong></span> <span class='ocrx_word' id='word_1_3' title='bbox 621 708 744 770; x_wconf 86' lang='lat' dir='ltr'><strong>saltem</strong></span> <span class='ocrx_word' id='word_1_4' title='bbox 759 707 929 770; x_wconf 89' lang='lat' dir='ltr'><strong>rationem</strong></span> <span class='ocrx_word' id='word_1_5' title='bbox 946 708 1070 790; x_wconf 89' lang='lat' dir='ltr'><strong>apibus</strong></span> <span class='ocrx_word' id='word_1_6' title='bbox 1087 711 1325 774; x_wconf 83' lang='lat' dir='ltr'><strong>attribuerunt.</strong></span> 
     </span>
     <span class='ocr_line' id='line_1_3' title="bbox 375 843 1326 928; baseline 0.003 -23"><span class='ocrx_word' id='word_1_7' title='bbox 375 843 487 906; x_wconf 90' lang='lat' dir='ltr'><strong>Varro</strong></span> <span class='ocrx_word' id='word_1_8' title='bbox 519 843 608 906; x_wconf 89' lang='lat' dir='ltr'><strong>enim</strong></span> <span class='ocrx_word' id='word_1_9' title='bbox 633 843 677 905; x_wconf 93' lang='lat' dir='ltr'><strong>de</strong></span> <span class='ocrx_word' id='word_1_10' title='bbox 706 862 812 924; x_wconf 88' lang='lat' dir='ltr'><strong>opere</strong></span> <span class='ocrx_word' id='word_1_11' title='bbox 841 864 958 906; x_wconf 85' lang='lat' dir='ltr'><strong>earum</strong></span> <span class='ocrx_word' id='word_1_12' title='bbox 988 845 1106 908; x_wconf 89' lang='lat' dir='ltr'><strong>scribit</strong></span> <span class='ocrx_word' id='word_1_13' title='bbox 1130 844 1186 928; x_wconf 88' lang='lat' dir='ltr'><strong>(R.</strong></span> <span class='ocrx_word' id='word_1_14' title='bbox 1199 844 1245 908; x_wconf 90' lang='lat' dir='ltr'><strong>R.</strong></span> <span class='ocrx_word' id='word_1_15' title='bbox 1263 844 1326 921; x_wconf 87' lang='lat' dir='ltr'>III,</span> 
     </span>
     <span class='ocr_line' id='line_1_4' title="bbox 379 977 1326 1057; baseline 0.002 -17"><span class='ocrx_word' id='word_1_16' title='bbox 379 981 426 1052; x_wconf 88' lang='lat'><strong>16,</strong></span> <span class='ocrx_word' id='word_1_17' title='bbox 444 977 492 1057; x_wconf 85' lang='grc'><strong>4);</strong></span> <span class='ocrx_word' id='word_1_18' title='bbox 517 977 582 1050; x_wconf 90' lang='lat' dir='ltr'><strong>‚hic</strong></span> <span class='ocrx_word' id='word_1_19' title='bbox 605 978 692 1039; x_wconf 86' lang='lat' dir='ltr'><strong>ratio</strong></span> <span class='ocrx_word' id='word_1_20' title='bbox 717 988 752 1040; x_wconf 87' lang='lat' dir='ltr'><strong>et</strong></span> <span class='ocrx_word' id='word_1_21' title='bbox 775 978 856 1040; x_wconf 88' lang='lat' dir='ltr'><strong>ars&#39;.</strong></span> <span class='ocrx_word' id='word_1_22' title='bbox 903 977 947 1040; x_wconf 91' lang='lat' dir='ltr'><strong>Et</strong></span> <span class='ocrx_word' id='word_1_23' title='bbox 970 977 1102 1041; x_wconf 88' lang='lat' dir='ltr'><strong>Plinius</strong></span> <span class='ocrx_word' id='word_1_24' title='bbox 1134 979 1258 1042; x_wconf 88' lang='lat' dir='ltr'><strong>eadem</strong></span> <span class='ocrx_word' id='word_1_25' title='bbox 1283 981 1326 1042; x_wconf 91' lang='lat' dir='ltr'><strong>de</strong></span> 
     </span>
     <span class='ocr_line' id='line_1_5' title="bbox 374 1110 1326 1194; baseline 0.001 -21"><span class='ocrx_word' id='word_1_26' title='bbox 374 1131 411 1173; x_wconf 91' lang='lat' dir='ltr'><strong>re</strong></span> <span class='ocrx_word' id='word_1_27' title='bbox 443 1111 636 1192; x_wconf 86' lang='lat' dir='ltr'><strong>interrogat</strong></span> <span class='ocrx_word' id='word_1_28' title='bbox 666 1110 718 1193; x_wconf 88' lang='lat' dir='ltr'><strong>(N.</strong></span> <span class='ocrx_word' id='word_1_29' title='bbox 732 1111 777 1173; x_wconf 89' lang='lat' dir='ltr'><strong>H.</strong></span> <span class='ocrx_word' id='word_1_30' title='bbox 798 1111 862 1187; x_wconf 79' lang='lat' dir='ltr'><strong>XI,</strong></span> <span class='ocrx_word' id='word_1_31' title='bbox 879 1113 930 1194; x_wconf 80' lang='grc'><strong>4);</strong></span> <span class='ocrx_word' id='word_1_32' title='bbox 972 1132 1073 1194; x_wconf 90' lang='lat' dir='ltr'><strong>,quos</strong></span> <span class='ocrx_word' id='word_1_33' title='bbox 1107 1112 1232 1176; x_wconf 90' lang='lat' dir='ltr'><strong>rationi</strong></span> <span class='ocrx_word' id='word_1_34' title='bbox 1268 1114 1326 1194; x_wconf 83' lang='lat' dir='ltr'><strong>(sc.</strong></span> 
     </span>
    </p>
   </div>
   <div class='ocr_carea' id='block_1_3' title="bbox 374 1243 1325 1329">
    <p class='ocr_par' dir='ltr' id='par_1_3' title="bbox 374 1243 1325 1329">
     <span class='ocr_line' id='line_1_6' title="bbox 374 1243 1325 1329; baseline -0.001 -20"><span class='ocrx_word' id='word_1_35' title='bbox 374 1244 504 1325; x_wconf 81' lang='lat' dir='ltr'><strong>tantae)</strong></span> <span class='ocrx_word' id='word_1_36' title='bbox 532 1244 667 1307; x_wconf 86' lang='lat' dir='ltr'><strong>medius</strong></span> <span class='ocrx_word' id='word_1_37' title='bbox 702 1243 803 1308; x_wconf 89' lang='lat' dir='ltr'><strong>fidius</strong></span> <span class='ocrx_word' id='word_1_38' title='bbox 834 1245 926 1308; x_wconf 90' lang='lat' dir='ltr'><strong>viros</strong></span> <span class='ocrx_word' id='word_1_39' title='bbox 962 1244 1263 1329; x_wconf 74' lang='lat' dir='ltr'><strong>(comparemusli&#39;</strong></span> <span class='ocrx_word' id='word_1_40' title='bbox 1288 1282 1325 1289; x_wconf 83' lang='lat'>—</span> 
     </span>
    </p>
   </div>
   <div class='ocr_carea' id='block_1_4' title="bbox 376 1378 1422 1463">
    <p class='ocr_par' dir='ltr' id='par_1_4' title="bbox 376 1378 1422 1463">
     <span class='ocr_line' id='line_1_7' title="bbox 376 1378 1422 1463; baseline 0.002 -22"><span class='ocrx_word' id='word_1_41' title='bbox 376 1378 506 1460; x_wconf 92' lang='lat' dir='ltr'><strong>Apium</strong></span> <span class='ocrx_word' id='word_1_42' title='bbox 535 1399 619 1441; x_wconf 90' lang='lat' dir='ltr'><strong>vero</strong></span> <span class='ocrx_word' id='word_1_43' title='bbox 654 1378 918 1460; x_wconf 85' lang='lat' dir='ltr'><strong>intelligentiam</strong></span> <span class='ocrx_word' id='word_1_44' title='bbox 953 1381 999 1441; x_wconf 85' lang='lat' dir='ltr'><strong>ad</strong></span> <span class='ocrx_word' id='word_1_45' title='bbox 1028 1379 1186 1442; x_wconf 88' lang='lat' dir='ltr'><strong>homines</strong></span> <span class='ocrx_word' id='word_1_46' title='bbox 1217 1399 1328 1463; x_wconf 88' lang='lat' dir='ltr'><strong>prope</strong></span> <span class='ocrx_word' id='word_1_47' title='bbox 1419 1445 1422 1452; x_wconf 80' lang='grc'>,</span> 
     </span>
    </p>
   </div>
   <div class='ocr_carea' id='block_1_5' title="bbox 377 1513 1329 1727">
    <p class='ocr_par' dir='ltr' id='par_1_5' title="bbox 377 1513 1329 1727">
     <span class='ocr_line' id='line_1_8' title="bbox 377 1513 1329 1596; baseline 0.002 -21"><span class='ocrx_word' id='word_1_48' title='bbox 377 1515 546 1576; x_wconf 86' lang='lat' dir='ltr'><strong>accedere</strong></span> <span class='ocrx_word' id='word_1_49' title='bbox 563 1533 751 1595; x_wconf 89' lang='lat' dir='ltr'><strong>earumque</strong></span> <span class='ocrx_word' id='word_1_50' title='bbox 768 1533 856 1596; x_wconf 91' lang='lat' dir='ltr'><strong>opus</strong></span> <span class='ocrx_word' id='word_1_51' title='bbox 873 1513 1024 1577; x_wconf 87' lang='lat' dir='ltr'><strong>divinum</strong></span> <span class='ocrx_word' id='word_1_52' title='bbox 1046 1534 1134 1589; x_wconf 85' lang='lat' dir='ltr'><strong>esse,</strong></span> <span class='ocrx_word' id='word_1_53' title='bbox 1156 1514 1329 1596; x_wconf 90' lang='lat' dir='ltr'><strong>Didymus</strong></span> 
     </span>
     <span class='ocr_line' id='line_1_9' title="bbox 377 1645 930 1727; baseline -0.005 -17"><span class='ocrx_word' id='word_1_54' title='bbox 377 1645 499 1727; x_wconf 85' lang='lat' dir='ltr'><strong>(Geop.</strong></span> <span class='ocrx_word' id='word_1_55' title='bbox 517 1647 599 1722; x_wconf 88' lang='lat' dir='ltr'><strong>XV,</strong></span> <span class='ocrx_word' id='word_1_56' title='bbox 619 1648 670 1726; x_wconf 84' lang='lat'><strong>31)</strong></span> <span class='ocrx_word' id='word_1_57' title='bbox 696 1647 743 1709; x_wconf 83' lang='lat' dir='ltr'><strong>ita</strong></span> <span class='ocrx_word' id='word_1_58' title='bbox 767 1645 930 1709; x_wconf 88' lang='lat' dir='ltr'><strong>affirmat:</strong></span> 
     </span>
    </p>
   </div>
   <div class='ocr_carea' id='block_1_6' title="bbox 378 1786 1331 2664">
    <p class='ocr_par' dir='ltr' id='par_1_6' title="bbox 378 1786 1331 2267">
     <span class='ocr_line' id='line_1_10' title="bbox 441 1786 1331 1875; baseline 0 -22"><span class='ocrx_word' id='word_1_59' title='bbox 441 1789 488 1868; x_wconf 86' lang='grc' dir='ltr'><strong>,Ἡ</strong></span> <span class='ocrx_word' id='word_1_60' title='bbox 502 1790 639 1874; x_wconf 76' lang='grc' dir='ltr'>μέλιττα</span> <span class='ocrx_word' id='word_1_61' title='bbox 657 1787 785 1856; x_wconf 82' lang='grc' dir='ltr'>πάντων</span> <span class='ocrx_word' id='word_1_62' title='bbox 803 1794 867 1855; x_wconf 81' lang='grc' dir='ltr'><strong>τῶν</strong></span> <span class='ocrx_word' id='word_1_63' title='bbox 887 1790 1003 1853; x_wconf 82' lang='grc' dir='ltr'>λοιπῶν</span> <span class='ocrx_word' id='word_1_64' title='bbox 1019 1786 1112 1875; x_wconf 78' lang='grc' dir='ltr'>ζώων</span> <span class='ocrx_word' id='word_1_65' title='bbox 1134 1786 1203 1854; x_wconf 89' lang='grc' dir='ltr'>έοτι</span> <span class='ocrx_word' id='word_1_66' title='bbox 1224 1810 1331 1874; x_wconf 82' lang='grc' dir='ltr'>σοφω-</span> 
     </span>
     <span class='ocr_line' id='line_1_11' title="bbox 378 1913 1330 2007; baseline -0.002 -22"><span class='ocrx_word' id='word_1_67' title='bbox 378 1917 463 2006; x_wconf 81' lang='grc' dir='ltr'>τάτη</span> <span class='ocrx_word' id='word_1_68' title='bbox 478 1921 535 1985; x_wconf 86' lang='grc' dir='ltr'><strong>καὶ</strong></span> <span class='ocrx_word' id='word_1_69' title='bbox 546 1917 815 2007; x_wconf 75' lang='grc' dir='ltr'>εὐμηχανωτάτη,</span> <span class='ocrx_word' id='word_1_70' title='bbox 830 1919 887 1984; x_wconf 90' lang='grc' dir='ltr'><strong>καὶ</strong></span> <span class='ocrx_word' id='word_1_71' title='bbox 898 1919 1053 2004; x_wconf 79' lang='grc' dir='ltr'>σύνεγγυς</span> <span class='ocrx_word' id='word_1_72' title='bbox 1065 1913 1227 2004; x_wconf 77' lang='grc' dir='ltr'>ἀνθρώπῳ</span> <span class='ocrx_word' id='word_1_73' title='bbox 1238 1914 1330 1983; x_wconf 85' lang='grc' dir='ltr'>κατὰ</span> 
     </span>
     <span class='ocr_line' id='line_1_12' title="bbox 378 2048 1331 2137; baseline 0 -21"><span class='ocrx_word' id='word_1_74' title='bbox 378 2052 416 2117; x_wconf 80' lang='grc' dir='ltr'><strong>τὸ</strong></span> <span class='ocrx_word' id='word_1_75' title='bbox 431 2051 570 2117; x_wconf 80' lang='grc' dir='ltr'>συνετόν·</span> <span class='ocrx_word' id='word_1_76' title='bbox 591 2051 649 2117; x_wconf 89' lang='grc' dir='ltr'><strong>καὶ</strong></span> <span class='ocrx_word' id='word_1_77' title='bbox 663 2051 701 2117; x_wconf 84' lang='grc' dir='ltr'><strong>τὸ</strong></span> <span class='ocrx_word' id='word_1_78' title='bbox 720 2048 1044 2137; x_wconf 78' lang='grc' dir='ltr'>κατασκευαζόμενον</span> <span class='ocrx_word' id='word_1_79' title='bbox 1058 2048 1107 2114; x_wconf 76' lang='grc' dir='ltr'><strong>ὑπ’</strong></span> <span class='ocrx_word' id='word_1_80' title='bbox 1124 2050 1224 2135; x_wconf 81' lang='grc' dir='ltr'>αὐτῆς</span> <span class='ocrx_word' id='word_1_81' title='bbox 1243 2050 1331 2116; x_wconf 77' lang='grc' dir='ltr'>θεῖόν</span> 
     </span>
     <span class='ocr_line' id='line_1_13' title="bbox 380 2174 1275 2267; baseline -0.002 -22"><span class='ocrx_word' id='word_1_82' title='bbox 380 2179 472 2261; x_wconf 89' lang='grc' dir='ltr'>έστιν,</span> <span class='ocrx_word' id='word_1_83' title='bbox 495 2179 538 2262; x_wconf 81' lang='grc' dir='ltr'><strong>ὡς</strong></span> <span class='ocrx_word' id='word_1_84' title='bbox 560 2178 710 2267; x_wconf 80' lang='grc' dir='ltr'>ἀληθῶς,</span> <span class='ocrx_word' id='word_1_85' title='bbox 732 2181 789 2246; x_wconf 91' lang='grc' dir='ltr'><strong>καὶ</strong></span> <span class='ocrx_word' id='word_1_86' title='bbox 809 2180 1059 2267; x_wconf 76' lang='grc' dir='ltr'>χρησιμώτατον</span> <span class='ocrx_word' id='word_1_87' title='bbox 1081 2174 1275 2265; x_wconf 67' lang='grc' dir='ltr'>ἀνθρώποις]</span> 
     </span>
    </p>

    <p class='ocr_par' dir='ltr' id='par_1_7' title="bbox 447 2312 1331 2397">
     <span class='ocr_line' id='line_1_14' title="bbox 447 2312 1331 2397; baseline -0.003 -18"><span class='ocrx_word' id='word_1_88' title='bbox 447 2317 503 2380; x_wconf 82' lang='grc' dir='ltr'><strong>Αο</strong></span> <span class='ocrx_word' id='word_1_89' title='bbox 526 2318 733 2380; x_wconf 89' lang='lat' dir='ltr'><strong>Plutarchus</strong></span> <span class='ocrx_word' id='word_1_90' title='bbox 758 2314 801 2396; x_wconf 89' lang='lat' dir='ltr'><strong>(d.</strong></span> <span class='ocrx_word' id='word_1_91' title='bbox 820 2333 924 2378; x_wconf 92' lang='lat' dir='ltr'><strong>amor.</strong></span> <span class='ocrx_word' id='word_1_92' title='bbox 941 2314 1026 2397; x_wconf 89' lang='lat' dir='ltr'><strong>prol.</strong></span> <span class='ocrx_word' id='word_1_93' title='bbox 1043 2333 1076 2395; x_wconf 92' lang='lat' dir='ltr'><strong>p.</strong></span> <span class='ocrx_word' id='word_1_94' title='bbox 1094 2312 1169 2394; x_wconf 83' lang='lat'><strong>494)</strong></span> <span class='ocrx_word' id='word_1_95' title='bbox 1198 2322 1331 2376; x_wconf 86' lang='lat' dir='ltr'><strong>narrat:</strong></span> 
     </span>
    </p>

    <p class='ocr_par' dir='ltr' id='par_1_8' title="bbox 381 2442 1331 2664">
     <span class='ocr_line' id='line_1_15' title="bbox 443 2442 1331 2531; baseline -0.003 -20"><span class='ocrx_word' id='word_1_96' title='bbox 443 2497 465 2525; x_wconf 84' lang='lat'><strong>,.</strong></span> <span class='ocrx_word' id='word_1_97' title='bbox 478 2498 484 2511; x_wconf 95' lang='lat'><strong>.</strong></span> <span class='ocrx_word' id='word_1_98' title='bbox 497 2498 503 2511; x_wconf 95' lang='lat'><strong>.</strong></span> <span class='ocrx_word' id='word_1_99' title='bbox 516 2498 522 2511; x_wconf 95' lang='lat'><strong>.</strong></span> <span class='ocrx_word' id='word_1_100' title='bbox 534 2445 592 2531; x_wconf 76' lang='grc' dir='ltr'><strong>τὴν</strong></span> <span class='ocrx_word' id='word_1_101' title='bbox 607 2446 761 2530; x_wconf 82' lang='grc' dir='ltr'>μέλιτταν</span> <span class='ocrx_word' id='word_1_102' title='bbox 775 2442 862 2530; x_wconf 78' lang='grc' dir='ltr'>ἡμεῖς</span> <span class='ocrx_word' id='word_1_103' title='bbox 877 2443 978 2529; x_wconf 76' lang='grc' dir='ltr'>σοφὴν</span> <span class='ocrx_word' id='word_1_104' title='bbox 995 2445 1155 2529; x_wconf 78' lang='grc' dir='ltr'>καλοῦμεν</span> <span class='ocrx_word' id='word_1_105' title='bbox 1173 2443 1231 2508; x_wconf 82' lang='grc' dir='ltr'><strong>καί</strong></span> <span class='ocrx_word' id='word_1_106' title='bbox 1249 2444 1331 2528; x_wconf 87' lang='grc' dir='ltr'>νομὶ-</span> 
     </span>
     <span class='ocr_line' id='line_1_16' title="bbox 381 2575 1331 2664; baseline -0.001 -23"><span class='ocrx_word' id='word_1_107' title='bbox 381 2575 474 2664; x_wconf 76' lang='grc' dir='ltr'>ζομεν</span> <span class='ocrx_word' id='word_1_108' title='bbox 496 2576 615 2664; x_wconf 76' lang='grc' dir='ltr'>ξανθὸν</span> <span class='ocrx_word' id='word_1_109' title='bbox 641 2576 709 2660; x_wconf 85' lang='grc' dir='ltr'>μέλι</span> <span class='ocrx_word' id='word_1_110' title='bbox 733 2575 926 2662; x_wconf 62' lang='grc' dir='ltr'>μηδομέναν]</span> <span class='ocrx_word' id='word_1_111' title='bbox 971 2575 1134 2641; x_wconf 88' lang='lat' dir='ltr'><strong>Similiter</strong></span> <span class='ocrx_word' id='word_1_112' title='bbox 1157 2577 1331 2641; x_wconf 89' lang='lat' dir='ltr'><strong>Lucianus</strong></span> 
     </span>
    </p>
   </div>
   <div class='ocr_carea' id='block_1_7' title="bbox 381 2705 1332 2793">
    <p class='ocr_par' dir='ltr' id='par_1_9' title="bbox 381 2705 1332 2793">
     <span class='ocr_line' id='line_1_17' title="bbox 381 2705 1332 2793; baseline 0.003 -21"><span class='ocrx_word' id='word_1_113' title='bbox 381 2709 562 2792; x_wconf 87' lang='lat' dir='ltr'><strong>(Halcyon.</strong></span> <span class='ocrx_word' id='word_1_114' title='bbox 581 2711 610 2791; x_wconf 84' lang='lat'><strong>7)</strong></span> <span class='ocrx_word' id='word_1_115' title='bbox 623 2733 629 2773; x_wconf 95' lang='lat'><strong>:</strong></span> <span class='ocrx_word' id='word_1_116' title='bbox 653 2706 825 2784; x_wconf 87' lang='grc' dir='ltr'>,Μέλιτταν</span> <span class='ocrx_word' id='word_1_117' title='bbox 840 2706 941 2793; x_wconf 81' lang='grc' dir='ltr'>σοφὴν</span> <span class='ocrx_word' id='word_1_118' title='bbox 955 2708 1045 2772; x_wconf 69' lang='grc' dir='ltr'>θείου</span> <span class='ocrx_word' id='word_1_119' title='bbox 1060 2707 1185 2792; x_wconf 81' lang='grc' dir='ltr'>μέλιτος</span> <span class='ocrx_word' id='word_1_120' title='bbox 1202 2705 1332 2793; x_wconf 82' lang='grc' dir='ltr'>ἐργάτιν</span> 
     </span>
    </p>
   </div>
   <div class='ocr_carea' id='block_1_8' title="bbox 382 2836 1332 2930">
    <p class='ocr_par' dir='ltr' id='par_1_10' title="bbox 382 2836 1332 2930">
     <span class='ocr_line' id='line_1_18' title="bbox 382 2836 1332 2930; baseline 0.001 -23"><span class='ocrx_word' id='word_1_121' title='bbox 382 2843 439 2925; x_wconf 87' lang='lat' dir='ltr'><strong>(sc.</strong></span> <span class='ocrx_word' id='word_1_122' title='bbox 464 2836 485 2925; x_wconf 77' lang='grc' dir='ltr'><em>ἡ</em></span> <span class='ocrx_word' id='word_1_123' title='bbox 506 2839 597 2925; x_wconf 80' lang='grc' dir='ltr'>φύσις</span> <span class='ocrx_word' id='word_1_124' title='bbox 619 2836 781 2930; x_wconf 74' lang='grc' dir='ltr'>ἁπέδειξε)’</span> <span class='ocrx_word' id='word_1_125' title='bbox 805 2849 847 2929; x_wconf 86' lang='grc' dir='ltr'><strong>(ν.</strong></span> <span class='ocrx_word' id='word_1_126' title='bbox 865 2847 938 2910; x_wconf 89' lang='lat' dir='ltr'><strong>sim.</strong></span> <span class='ocrx_word' id='word_1_127' title='bbox 956 2866 1012 2928; x_wconf 92' lang='lat' dir='ltr'><strong>ap.</strong></span> <span class='ocrx_word' id='word_1_128' title='bbox 1025 2847 1185 2910; x_wconf 89' lang='lat' dir='ltr'><strong>Nonnum</strong></span> <span class='ocrx_word' id='word_1_129' title='bbox 1200 2845 1332 2928; x_wconf 92' lang='lat' dir='ltr'><strong>Diony-</strong></span> 
     </span>
    </p>
   </div>
   <div class='ocr_carea' id='block_1_9' title="bbox 381 2979 1333 3345">
    <p class='ocr_par' dir='ltr' id='par_1_11' title="bbox 381 2979 1333 3345">
     <span class='ocr_line' id='line_1_19' title="bbox 382 2979 698 3064; baseline -0.003 -20"><span class='ocrx_word' id='word_1_130' title='bbox 382 2979 463 3044; x_wconf 87' lang='lat' dir='ltr'><strong>siac.</strong></span> <span class='ocrx_word' id='word_1_131' title='bbox 478 2981 537 3044; x_wconf 90' lang='lat' dir='ltr'><strong>lib.</strong></span> <span class='ocrx_word' id='word_1_132' title='bbox 553 2981 596 3056; x_wconf 88' lang='lat' dir='ltr'><strong>V,</strong></span> <span class='ocrx_word' id='word_1_133' title='bbox 615 2980 698 3064; x_wconf 83' lang='lat'><strong>232).</strong></span> 
     </span>
     <span class='ocr_line' id='line_1_20' title="bbox 449 3126 1332 3210; baseline 0 -18"><span class='ocrx_word' id='word_1_134' title='bbox 449 3127 538 3210; x_wconf 82' lang='lat' dir='ltr'><strong>Quin</strong></span> <span class='ocrx_word' id='word_1_135' title='bbox 567 3127 702 3205; x_wconf 76' lang='lat' dir='ltr'><strong>CelsuS,</strong></span> <span class='ocrx_word' id='word_1_136' title='bbox 730 3128 921 3210; x_wconf 91' lang='lat' dir='ltr'><strong>Epicureus</strong></span> <span class='ocrx_word' id='word_1_137' title='bbox 949 3127 1006 3191; x_wconf 90' lang='lat' dir='ltr'><strong>ille</strong></span> <span class='ocrx_word' id='word_1_138' title='bbox 1036 3127 1180 3190; x_wconf 88' lang='lat' dir='ltr'><strong>secundi</strong></span> <span class='ocrx_word' id='word_1_139' title='bbox 1202 3147 1236 3210; x_wconf 91' lang='lat' dir='ltr'><strong>p.</strong></span> <span class='ocrx_word' id='word_1_140' title='bbox 1253 3126 1332 3192; x_wconf 87' lang='lat' dir='ltr'><strong>Chr.</strong></span> 
     </span>
     <span class='ocr_line' id='line_1_21' title="bbox 381 3260 1333 3345; baseline -0.002 -20"><span class='ocrx_word' id='word_1_141' title='bbox 381 3285 413 3328; x_wconf 92' lang='lat' dir='ltr'><strong>n.</strong></span> <span class='ocrx_word' id='word_1_142' title='bbox 454 3264 600 3339; x_wconf 89' lang='lat' dir='ltr'><strong>saeculi,</strong></span> <span class='ocrx_word' id='word_1_143' title='bbox 644 3265 688 3327; x_wconf 90' lang='lat' dir='ltr'><strong>ab</strong></span> <span class='ocrx_word' id='word_1_144' title='bbox 728 3260 873 3345; x_wconf 86' lang='lat' dir='ltr'><strong>Origine</strong></span> <span class='ocrx_word' id='word_1_145' title='bbox 921 3261 1039 3343; x_wconf 91' lang='lat' dir='ltr'><strong>(contr.</strong></span> <span class='ocrx_word' id='word_1_146' title='bbox 1072 3261 1161 3326; x_wconf 74' lang='lat' dir='ltr'><strong>Cels</strong></span> <span class='ocrx_word' id='word_1_147' title='bbox 1194 3260 1267 3335; x_wconf 86' lang='lat' dir='ltr'><strong>IX,</strong></span> <span class='ocrx_word' id='word_1_148' title='bbox 1302 3261 1333 3343; x_wconf 81' lang='grc'><strong>4)</strong></span> 
     </span>
    </p>
   </div>
   <div class='ocr_carea' id='block_1_10' title="bbox 381 3396 1333 3482">
    <p class='ocr_par' dir='ltr' id='par_1_12' title="bbox 381 3396 1333 3482">
     <span class='ocr_line' id='line_1_22' title="bbox 381 3396 1333 3482; baseline -0.002 -21"><span class='ocrx_word' id='word_1_149' title='bbox 381 3407 526 3482; x_wconf 88' lang='lat' dir='ltr'><strong>propter</strong></span> <span class='ocrx_word' id='word_1_150' title='bbox 559 3400 650 3463; x_wconf 90' lang='lat' dir='ltr'><strong>hanc</strong></span> <span class='ocrx_word' id='word_1_151' title='bbox 685 3418 826 3461; x_wconf 89' lang='lat' dir='ltr'><strong>causam</strong></span> <span class='ocrx_word' id='word_1_152' title='bbox 862 3398 990 3461; x_wconf 88' lang='lat' dir='ltr'><strong>acerbe</strong></span> <span class='ocrx_word' id='word_1_153' title='bbox 1022 3396 1236 3478; x_wconf 86' lang='lat' dir='ltr'><strong>vituperatus</strong></span> <span class='ocrx_word' id='word_1_154' title='bbox 1271 3405 1333 3471; x_wconf 86' lang='lat' dir='ltr'><strong>est,</strong></span> 
     </span>
    </p>
   </div>
   <div class='ocr_carea' id='block_1_11' title="bbox 383 3529 1334 3615">
    <p class='ocr_par' dir='ltr' id='par_1_13' title="bbox 383 3529 1334 3615">
     <span class='ocr_line' id='line_1_23' title="bbox 383 3529 1334 3615; baseline -0.002 -22"><span class='ocrx_word' id='word_1_155' title='bbox 383 3533 475 3613; x_wconf 90' lang='lat' dir='ltr'><strong>quod</strong></span> <span class='ocrx_word' id='word_1_156' title='bbox 501 3531 765 3615; x_wconf 86' lang='lat' dir='ltr'><strong>intelligentiam</strong></span> <span class='ocrx_word' id='word_1_157' title='bbox 789 3529 907 3612; x_wconf 89' lang='lat' dir='ltr'><strong>apium</strong></span> <span class='ocrx_word' id='word_1_158' title='bbox 930 3551 1010 3594; x_wconf 92' lang='lat' dir='ltr'><strong>cum</strong></span> <span class='ocrx_word' id='word_1_159' title='bbox 1033 3530 1184 3593; x_wconf 87' lang='lat' dir='ltr'><strong>humana</strong></span> <span class='ocrx_word' id='word_1_160' title='bbox 1206 3547 1334 3610; x_wconf 82' lang='lat' dir='ltr'><strong>aequa·</strong></span> 
     </span>
    </p>
   </div>
   <div class='ocr_carea' id='block_1_12' title="bbox 0 0 1525 4522">
    <p class='ocr_par' dir='ltr' id='par_1_14' title="bbox 0 0 1525 4522">
     <span class='ocr_line' id='line_1_24' title="bbox 0 0 1525 4522; baseline 0 0"><span class='ocrx_word' id='word_1_161' title='bbox 0 0 1525 4522; x_wconf 95' lang='lat' dir='ltr'><strong> </strong></span> 
     </span>
    </p>
   </div>
  </div>
 </body>
</html>
