3014 4522
509 606 749 670 ...123⁴-

194 779 319 848 Οὕνεκοί
340 783 368 846 οἱ
381 781 487 867 γλυκὺ
504 786 601 866 μοίσα
619 777 710 846 κατὰ
726 783 886 866 στόματος
905 784 963 868 χέε
980 782 1105 868 νέκταρ.

189 913 230 978 Ὠ
261 913 442 997 μακαριστὲ
463 912 610 996 Κομᾶτα,
642 912 682 978 τύ
711 914 775 998 θην
802 911 881 978 τάδε
908 909 1025 998 τερπνά
1053 935 1105 979 πε-

881 1043 1008 1123 πόνθεις

195 1171 259 1237 Καὶ
280 1172 320 1236 τί)
341 1172 575 1257 κατεκλᾴσθης
597 1173 628 1252 ἐς
649 1169 800 1258 λάρνακα
818 1172 876 1237 καὶ
895 1172 935 1238 τὺ
953 1174 1108 1257 μελισσᾶν

195 1299 299 1385 Κηρία
323 1300 508 1388 εφρβὸμενος
530 1300 600 1382 ἔτος
621 1302 712 1388 ὥριον
733 1301 942 1392 ἑξεπονασας]
958 1342 998 1350 -

154 1472 278 1555 Itaque
317 1473 385 1536 mel
424 1473 601 1537 hominum
639 1473 874 1538 valetudinem
914 1493 1024 1555 usque
1063 1474 1107 1535 ad

156 1614 371 1670 senectutem
400 1626 607 1670 conservare
640 1607 682 1703 (ν.
704 1627 759 1689 ap.
781 1606 886 1688 Diog.
906 1606 1021 1671 Laert.
1038 1605 1108 1669 VII

154 1742 215 1804 vit.
239 1741 364 1804 Zenon.
387 1740 657 1819 e.In.XH,13‚
679 1740 740 1802 ubi
763 1740 854 1804 hunc
876 1741 1020 1803 multum
1040 1741 1109 1803 mel

155 1875 270 1939 edisse
304 1885 408 1958 atque
444 1883 522 1938 octo
559 1882 594 1936 et
629 1873 820 1956 nonaginta
854 1874 952 1936 annis
980 1872 1109 1935 vixisse

155 2007 273 2089 refert)
313 2010 456 2091 soloque
497 2010 604 2071 odore
643 2027 745 2071 senes
784 2007 954 2071 sustinere
992 2006 1109 2069 fertur.

155 2142 247 2206 Nam
276 2142 320 2206 de
343 2143 543 2207 Democrito
571 2141 720 2224 legimus
748 2144 836 2206 haec
865 2142 899 2204 in
922 2140 1109 2205 Athenaeo

157 2275 337 2359 (Deipnon
355 2277 398 2352 II,
417 2281 467 2342 26.
486 2292 548 2360 c.7
573 2297 606 2358 p.
624 2275 723 2357 46c):

224 2431 416 2514 Δημόκριτον
452 2430 486 2494 δὲ
521 2428 575 2496 τὸν
609 2428 785 2516 Ἀβδηρίτην
824 2428 921 2513 λόγος
956 2425 1024 2512 ἔχει
1060 2423 1111 2491 διά

156 2563 262 2645 γήρας
288 2556 399 2648 ἐξάξαι
425 2558 522 2626 αὑτὸν
549 2560 745 2647 διεγνωκότα
773 2566 830 2624 τοῦ
858 2559 915 2646 ζῆν
941 2557 998 2622 καὶ
1019 2557 1111 2642 ὑφαι-

158 2695 276 2776 ροῦντα
308 2695 366 2774 τῆς
393 2696 511 2774 τροφῆς
539 2691 621 2756 καθ’
651 2687 792 2775 ἑνιάστην
821 2687 954 2775 ἡμέραν,
985 2687 1049 2754 ἐπεὶ
1079 2689 1113 2754 αἰ

158 2823 226 2883 τῶν
249 2817 471 2904 Θεσμοφορίων
492 2817 606 2906 ἡμέραι
628 2819 818 2904 ἐνέστησαν,
852 2819 1026 2904 δεηθεισῶν
1048 2823 1113 2883 τῶν

157 2947 280 3015 οἰκείων
301 2954 461 3034 γυναικῶν
482 2949 527 3036 μὴ
549 2945 722 3015 ἀποθανεῖν
740 2943 830 3013 κατά
851 2946 909 3034 τὴν
930 2947 1111 3034 πανήγυριν,

157 3077 244 3158 ὅπως
265 3073 455 3164 ἑορτάσωσι,
484 3080 655 3164 πεισθῆναι
675 3077 878 3146 κελεύσαντα
903 3078 1030 3162 μέλιτος
1052 3072 1113 3163 ἀγ·
1156 3119 1157 3122 =

157 3213 245 3295 γείον
267 3205 357 3292 αὑτῷ
375 3209 507 3294 πλησίον
528 3209 766 3294 παρατεθῆναι·
787 3205 844 3272 καὶ
866 3205 1017 3294 διαζῆσαι
1037 3203 1113 3290 ἡμέ-

158 3360 219 3425 ρας
238 3327 359 3419 ’ἱκανὰς
386 3338 441 3404 τδν
469 3334 570 3424 ἀνδρα
597 3342 637 3422 τῇ
660 3334 723 3404 ἀπὸ
743 3345 801 3403 τοῦ
822 3338 947 3422 μέλιτος
969 3330 1116 3420 ἀναφορᾷ

157 3469 239 3555 μόνη
260 3469 435 3554 χρώμενον·
462 3468 519 3533 καὶ
540 3465 624 3554 μετὰ
645 3464 705 3548 τὰς
725 3464 845 3554 ἡμέρας
865 3465 1115 3553 βασταχθέντος

157 3603 218 3663 τοῦ
240 3597 366 3683 μέλιτος
388 3592 569 3665 ἀποθανεῖν.
603 3602 717 3686 (Diog.
730 3602 845 3666 [εὸτι.
859 3599 925 3674 ΙΧ,
942 3620 969 3663 c.
986 3617 1001 3679 7
1016 3619 1047 3660 n.
1065 3619 1113 3660 11.
