3014 4522
747 584 986 647 *120*

394 763 540 825 collecto
575 763 629 840 (de
664 783 733 845 quo
762 783 793 826 v.
816 761 1047 844 Magerstedt.
1071 765 1091 827 l.
1111 765 1131 829 l.
1157 786 1190 846 p.
1214 768 1265 829 86.
1287 764 1340 844 94)

395 916 628 979 equarumque
643 897 735 961 lacte
755 897 889 973 aluisse,
913 899 1144 963 Philostratus
1166 899 1214 962 ita
1237 899 1343 962 refert

395 1029 542 1112 (Heroic.
561 1052 589 1095 c.
605 1031 709 1107 XIX,
726 1037 741 1109 ξ
758 1054 795 1113 19
818 1053 851 1115 p.
868 1031 959 1113 75o):

458 1161 719 1247 ...,τρέφουσι...
735 1157 967 1248 (Amazones).
978 1214 1003 1230 ..
1019 1158 1064 1227 τὰ
1084 1163 1183 1250 βρέφη
1198 1159 1345 1248 γάλακτί

395 1315 432 1357 τε
458 1293 623 1380 φορβάδων
651 1291 751 1361 ἵππων
781 1295 838 1360 καὶ
871 1296 982 1381 δρόσου
1010 1297 1139 1383 κηρίοις,
1169 1296 1191 1381 ἣ
1220 1297 1345 1380 μέλιτος

397 1423 483 1508 δίκην
505 1420 554 1488 ἐπὶ
575 1423 647 1503 τοὺς
669 1424 805 1504 δόνακας
826 1429 891 1490 τῶν
912 1431 1063 1510 ποταμῶν
1085 1423 1198 1512 ἱζάνει]
1214 1464 1255 1471 -

464 1567 582 1652 Atque
606 1570 711 1633 etiam
733 1570 767 1632 in
791 1568 978 1634 Germania
1000 1579 1119 1634 vetere
1144 1571 1213 1633 mel
1236 1569 1345 1633 infan-

397 1705 481 1768 tium
502 1705 700 1768 alimentum
720 1703 835 1780 fuisse,
859 1702 1046 1768 Grimmius
1067 1706 1134 1768 hoc
1150 1706 1227 1768 loco
1244 1706 1349 1768 docet

398 1838 589 1921 (Deutsche
604 1838 878 1903 Rechtsalterth.
896 1860 929 1922 p.
944 1862 964 1919 4
968 1839 1036 1921 57):
1064 1892 1070 1905 .
1085 1889 1092 1903 .
1106 1888 1114 1904 .
1129 1888 1136 1904 .
1151 1839 1240 1915 ,Der
1256 1838 1348 1902 Aus-

399 1972 544 2054 setzling
574 1971 686 2034 durfte
715 1972 804 2036 auch
832 1972 924 2035 noch
947 1992 1013 2054 gar
1035 1972 1149 2036 nichts
1172 1992 1348 2054 genossen

399 2107 529 2188 haben3
559 2106 614 2169 ein
636 2106 789 2188 Tropfen
812 2106 921 2169 Milch
944 2106 1028 2169 oder
1050 2107 1170 2189 Honig
1199 2107 1347 2171 sicherte

399 2240 470 2303 ihm
499 2239 571 2302 sein
595 2239 722 2303 Leben.
769 2239 855 2303 Dies
882 2240 969 2303 wird
1001 2240 1110 2303 durch
1138 2239 1214 2302 eine
1239 2236 1348 2302 Stelle

401 2373 434 2434 in
469 2373 548 2434 dem
572 2373 692 2436 Leben
728 2374 790 2437 des
824 2372 977 2455 heiligen
1005 2372 1161 2454 Ludiger
1194 2370 1250 2434 fiir
1280 2372 1349 2434 den

402 2506 652 2571 altfriesischen
688 2505 1006 2588 Rechtsgebrauch
1041 2503 1259 2568 vortrefflich
1298 2525 1348 2568 er·

401 2640 546 2703 lautert.
563 2689 591 2704 ..
622 2640 657 2702 in
681 2642 742 2704 der
765 2641 838 2704 vita
860 2640 954 2704 lib.I
978 2660 1054 2722 cap.
1074 2659 1089 2700 2
1117 2639 1185 2720 (bei
1207 2639 1350 2702 Brower

402 2792 435 2854 p.
454 2771 526 2853 37):
556 2772 669 2836 vicina
696 2773 816 2838 mulier
841 2774 1042 2857 supervenit
1065 2781 1101 2836 et
1123 2772 1351 2836 miserescens

316 2986 320 2993 ¹
403 2907 585 2988 parvulum
601 2908 645 2971 de
666 2929 769 2972 manu
792 2908 981 2992 mergentis
1005 2907 1130 2990 eripuit
1152 2915 1187 2970 et
1211 2908 1351 2970 domum

404 3039 587 3123 aufugiens
621 3041 770 3124 ,parum’
799 3041 881 3105 fecit
909 3050 1066 3124 ,gustare
1094 3038 1235 3114 mellis';
1271 3059 1352 3102 nam

405 3175 513 3254 semel
536 3184 718 3257 gustantes
747 3175 877 3258 aliquid
904 3173 1051 3238 infantes
1075 3174 1170 3255 apud
1192 3191 1353 3255 paganos
1421 3259 1424 3265 Ι

405 3327 531 3370 necare
562 3308 717 3373 illicitum
752 3305 840 3373 erat'
876 3308 918 3390 (ν.
940 3307 1019 3371 ibid.
1043 3326 1077 3388 p.
1102 3309 1165 3386 458
1190 3305 1294 3368 Anm.
1319 3314 1354 3368 et

406 3439 561 3507 Creuzer.
580 3441 699 3526 Symb.
717 3443 777 3519 IV,
795 3441 881 3524 391).
906 3477 947 3487 -

475 3574 586 3656 Quem
624 3598 755 3642 morem
792 3576 973 3641 infantium
1014 3573 1116 3639 melle
1155 3573 1356 3636 alendorum
