3014 4522
511 600 751 663 *175*

219 775 425 852 ,Mellonia’,
461 777 637 841 Arnobius
673 779 735 853 ait,
772 781 856 853 ‚dea
889 790 941 843 est
972 781 1107 861 pollens

153 923 348 1006 potensque
377 911 410 973 in
435 912 573 991 apibus,
604 913 716 975 mellis
745 920 868 976 curans
892 914 1107 977 custodiens-

153 1065 221 1126 que
245 1045 479 1107 dulcedinem’
494 1096 500 1108 .
515 1095 521 1108 .
538 1094 544 1108 .
571 1082 614 1089 -

220 1177 307 1240 Tum
332 1179 436 1241 etiam
460 1175 585 1241 afferre
609 1180 767 1242 volumus
790 1179 834 1253 id,
859 1181 952 1261 quod
973 1180 1108 1243 Macro-

152 1309 231 1371 bius
256 1309 339 1390 (Sat.
357 1311 383 1384 I,
405 1312 453 1393 12)
479 1313 522 1374 de
545 1313 652 1375 sacris
673 1313 794 1376 Bonae
814 1313 913 1376 Deae
935 1315 1052 1376 docet:

222 1496 227 1508 .
244 1495 249 1506 .
266 1446 368 1517 .‚hoc
384 1445 583 1526 proferunt.
599 1496 605 1510 .
623 1496 629 1509 .
648 1446 741 1528 quod
758 1446 874 1509 vinum
891 1446 925 1509 in
941 1447 1108 1526 templum

155 1577 229 1641 eius
252 1598 322 1641 non
346 1598 408 1641 suo
431 1579 569 1642 nomine
593 1581 704 1642 soleat
727 1578 857 1652 inferri,
887 1580 949 1641 sed
973 1600 1046 1650 vas,
1075 1580 1108 1642 in

154 1732 223 1794 quo
253 1712 370 1776 vinum
407 1712 548 1775 inditum
586 1713 629 1776 sit
665 1714 882 1787 ,mellarium'
917 1713 1110 1798 nominetur

154 1857 191 1908 et
220 1846 337 1908 vinum
366 1847 421 1910 lac
449 1850 687 1929 nuncupetur!
713 1883 752 1891 -

222 1979 293 2042 Mel
317 1982 465 2061 primum
489 1980 674 2043 inferorum
690 1981 862 2063 piaculum
887 1980 959 2056 fuit,
983 1956 1109 2045 deinde

154 2124 189 2176 et
218 2116 311 2195 quod
345 2115 457 2177 mellis
490 2115 601 2177 cultus
629 2136 651 2176 a
681 2115 734 2177 dis
763 2114 923 2178 inventus
955 2126 1047 2179 esset
1075 2124 1110 2177 et

154 2251 247 2329 quod
272 2268 340 2329 ape
364 2248 422 2329 pia
447 2258 483 2309 et
506 2257 602 2310 casta
634 2246 849 2311 adfinitatem
874 2248 1025 2330 aliquam
1049 2249 1109 2311 ha·

153 2383 237 2442 bere
246 2381 446 2445 viderentur
455 2382 590 2463 superis
604 2378 833 2444 sacrificatum
845 2390 907 2453 est,
919 2392 1001 2456 tum,
1014 2394 1109 2464 post·

155 2535 258 2596 quam
288 2514 496 2596 significatio
525 2514 637 2596 prima
669 2514 861 2597 symbolica
889 2516 990 2578 huius
1020 2516 1110 2579 sacri

154 2650 339 2711 obscurata
363 2660 425 2722 est,
451 2668 564 2729 paene
588 2647 745 2710 omnibus
769 2647 834 2709 diis
858 2649 1070 2729 deabusque.

223 2782 345 2864 Itaque
363 2782 554 2845 Pausanias
580 2783 625 2862 (V
640 2802 674 2863 p.
691 2781 824 2863 3rosq)
848 2781 962 2856 tradit,
987 2783 1055 2844 mel
1075 2783 1110 2845 in

155 2916 321 2978 altaribus
342 2915 444 2989 lovis
461 2915 603 2989 Vestae,
627 2915 772 2988 Dianae,
797 2913 936 3005 Alphei,
960 2915 1110 2988 Iunonis,

157 3050 352 3120 Minervae,
387 3050 551 3123 Vulcani,
590 3050 774 3112 Idaeorum
809 3048 1037 3130 Dactylorum
1069 3086 1109 3096 —

156 3184 325 3257 Herculis,
351 3184 539 3265 EpimediS,
561 3183 658 3255 Idae,
677 3183 836 3260 Paeonis,
857 3183 926 3246 Iasi
944 3219 996 3257 —,
1017 3184 1110 3247 Deo-

156 3337 230 3379 rum
266 3316 477 3399 ignotorum,
505 3317 698 3390 Victoriae,
731 3315 918 3398 Apollinis,
950 3315 1109 3391 Mercuri,

156 3449 380 3523 Concordiae,
403 3451 527 3514 Matris
549 3451 719 3523 Deorum,
742 3449 898 3522 Telluris,
921 3449 1110 3524 Themidis

156 3585 301 3659 Bacchi,
354 3583 568 3658 Gratiarum,
615 3584 809 3656 Musarum,
858 3583 1108 3665 Nympharum,
