3014 4522
650 556 868 618 *15*

283 739 321 820 ut
344 750 484 792 muscae
508 730 684 812 liguriunt.
737 780 830 796 .....
830 761 832 765 ’
855 754 956 796 nemo
980 736 1044 797 has
1068 736 1172 812 videt,
1200 750 1237 802 ut

281 862 358 925 illas
378 864 533 928 incarne
555 874 614 929 aut
634 868 804 949 sanguine
826 879 885 932 aut
908 867 1031 951 adipe'.
1075 870 1131 934 Ac
1148 873 1235 935 Ver·

283 997 387 1078 gilius
410 1010 528 1063 monet
552 999 694 1084 (Georg.
710 1001 770 1077 IV,
788 1001 859 1085 47):

327 1131 413 1204 ,Neu
429 1134 571 1216 propius
587 1136 689 1199 tectis
706 1137 847 1220 (apium)
863 1148 984 1201 taxum
1000 1139 1084 1212 sine,
1102 1159 1191 1202 neve

938 1274 1102 1336 rubentes

327 1401 399 1463 Vre
422 1401 501 1466 foco
526 1424 679 1480 cancros,
704 1406 796 1467 altae
820 1426 887 1468 neu
912 1407 1015 1469 crede
1039 1408 1160 1489 paludi

325 1533 399 1597 Aut
422 1537 481 1598 ubi
505 1540 590 1601 odor
614 1539 713 1602 caeni
737 1539 856 1620 gravis
871 1589 965 1605 .....
968 1540 975 1564 ’

283 1666 381 1732 Sicut
394 1670 594 1746 Columella,
611 1673 670 1735 ubi
687 1674 731 1735 de
748 1673 901 1735 alveario
915 1672 1052 1735 disserit
1069 1672 1144 1754 (XI,
1156 1671 1233 1752 5‚6),

281 1803 344 1867 ait:
374 1803 515 1877 ‚Gravis
540 1814 576 1868 et
599 1806 701 1868 taetri
724 1806 840 1868 odoris
864 1826 932 1868 non
957 1807 1067 1868 solum
1088 1805 1234 1868 virentia

282 1938 346 1999 sed
371 1947 406 2000 et
430 1939 606 2020 quaelibet
629 1960 685 2003 res
709 1939 978 2023 prohibeantur'.
1026 1939 1137 2021 Quam
1161 1960 1232 2002 rem

280 2071 411 2136 Plinius
424 2094 563 2155 quoque
580 2075 739 2136 subtilius
756 2076 928 2148 observat,
946 2074 975 2136 si
993 2073 1112 2136 scribit
1130 2073 1180 2153 (N.
1190 2073 1233 2137 H.

278 2206 341 2280 ΧΙ,
360 2207 408 2288 8);
446 2207 606 2281 ‚Mortuis
630 2229 674 2270 ne
697 2207 840 2270 floribus
864 2208 1004 2290 quidem
1033 2226 1101 2268 non
1130 2207 1233 2268 modo

279 2341 481 2422 corporibus
501 2341 671 2404 insidunt'.
711 2342 782 2405 Vbi
807 2342 912 2404 etiam
936 2341 984 2404 ait
1009 2341 1090 2423 (¹9)÷
1117 2341 1233 2415 ‚odere

279 2476 386 2556 (apes)
421 2474 544 2538 foedos
579 2479 704 2539 odores
737 2475 928 2558 proculque
957 2472 1118 2556 fugiunt’.
1177 2473 1232 2536 Ac

278 2610 425 2690 denique
451 2608 536 2692 (24):
561 2609 702 2684 ,Omnes
728 2609 881 2691 (vespae)
907 2629 1011 2671 carne
1035 2617 1232 2680 vescuntur,

278 2753 397 2806 contra
427 2764 530 2826 quam
562 2765 663 2826 apes
698 2764 788 2826 quae
816 2743 946 2804 nullum
977 2761 1103 2821 corpus
1133 2741 1232 2806 attin·

277 2877 385 2957 gunt'.
413 2915 448 2923 —-
478 2876 576 2958 Quae
601 2877 715 2940 omnia
734 2876 883 2938 Aeliano
908 2886 992 2956 apta
1017 2875 1232 2951 videbantur,

276 3022 313 3075 ut
337 3032 422 3092 apes
447 3033 524 3075 cum
548 3013 673 3094 puellis
703 3011 846 3074 urbanis
874 3009 1110 3090 modestisque
1140 3030 1231 3072 com·

275 3157 424 3229 pararet.
467 3145 579 3227 Quam
597 3147 802 3209 sententiam
821 3145 914 3226 apud
932 3144 1119 3224 scriptores
1136 3153 1230 3204 vete·

275 3302 331 3344 res
360 3302 474 3343 rerum
509 3279 822 3343 ecclesiasticarum
857 3276 997 3358 saepius
1027 3276 1229 3338 invenimus,

276 3416 319 3496 (v.
341 3414 503 3477 Ambros
533 3416 564 3477 d.
592 3414 680 3495 virg.
704 3413 722 3475 I
750 3420 785 3475 et
808 3411 994 3492 Augustin.
1023 3411 1054 3471 d.
1083 3409 1146 3470 civ.
1174 3407 1230 3471 dei

273 3549 358 3624 XV,
378 3569 425 3629 27.
456 3587 490 3595 -
520 3569 551 3610 v.
578 3559 621 3612 et.
646 3547 737 3610 Voss
763 3548 808 3608 ad
832 3543 965 3625 Vergil.
983 3543 1064 3624 l.l.).
