3014 4522
514 591 754 654 *143*

262 766 327 830 Καὶ
348 765 539 848 νυκτίσεμνα
562 764 652 829 δεῖπν’
676 765 722 828 ἐπ’
746 763 876 850 ἐσχάρᾳ
897 764 989 851 πυρὸς

249 895 369 960 ”Elinoi
392 894 478 980 ὤραν
500 893 621 973 οὐδενὸς
642 893 746 980 κοινὴν
769 896 872 959 θεῶν]

155 1070 200 1132 Et
222 1070 317 1151 apud
341 1067 552 1150 Sophoclem
580 1066 631 1149 (Ο.
645 1066 681 1131 C.
700 1068 775 1149 460)
805 1069 893 1131 haec
922 1069 964 1129 de
990 1067 1109 1129 Furia·

156 1224 231 1266 rum
256 1203 363 1266 sacris
386 1214 584 1265 monentur:

241 1367 384 1448 ,Ὕδατος
406 1367 559 1453 μελίσσης
581 1368 660 1452 μηδὲ
681 1366 857 1452 προςφὲρειν
879 1353 981 1450 μέθυ]

156 1542 349 1604 Pausanias
371 1561 456 1604 vero
471 1543 594 1605 Furias
616 1535 808 1623 ,μελικράτῳ
832 1537 954 1620 σπονδῇ
978 1542 1008 1622 (i.
1023 1563 1050 1604 e.
1075 1550 1113 1604 ut

158 1675 325 1738 vidimus:
351 1675 454 1737 melle
478 1696 556 1738 cum
579 1677 670 1739 lacte
694 1695 763 1738 non
789 1696 866 1738 cum
887 1675 968 1737 vino
991 1674 1113 1754 mixto)

158 1810 341 1891 quotannis
387 1809 578 1873 delectatas
623 1830 700 1872 esse
741 1809 847 1873 tradit
889 1811 931 1890 (v.
961 1808 1113 1872 Corinth.

157 1963 190 2025 1>-
213 1943 295 2024 105)-

225 2102 358 2186 Quibus
383 2123 428 2164 ex
445 2102 541 2178 locis,
566 2103 756 2185 praecipue
780 2103 849 2165 mel
866 2103 979 2164 Furiis
996 2103 1113 2184 placa-

157 2237 259 2300 tionis
291 2258 397 2301 causa
426 2234 657 2300 sacrificatum
687 2256 766 2298 esse
791 2245 895 2319 atque
921 2236 1113 2319 ‚nephalia’

157 2373 217 2435 illa
240 2372 379 2435 omnino
407 2392 426 2434 e
450 2371 561 2445 melle,
586 2371 778 2434 sobriorum
804 2371 889 2445 cibo,
916 2371 1112 2434 constitisse

159 2507 327 2588 colligere
351 2525 543 2588 possumus.
592 2505 780 2569 Praeterea
804 2506 1012 2570 Plutarchus
1037 2528 1114 2570 cum

158 2641 365 2704 Iudaeorum
395 2640 569 2721 mysteriis
593 2639 673 2701 vino
706 2640 780 2702 sine
803 2640 905 2702 melle
930 2641 1112 2704 celebratis

159 2772 372 2838 Graecorum
397 2773 577 2854 ,nephalia’
602 2774 649 2835 ita
666 2782 845 2856 comparat
866 2774 909 2855 (v.
926 2772 1047 2857 Symp.
1062 2774 1114 2836 IV

158 2918 291 2990 quaest.
308 2928 336 2986 5.
353 2907 371 2988 ξ
387 2929 402 2969 2
421 2907 499 2987 i.f.):
524 2902 761 2987 ....ξΈλληνὲς
783 2924 819 2966 τε
840 2900 983 2988 νηφάλια
1004 2910 1113 2968 ταῦτα

157 3037 215 3100 καὶ
236 3036 429 3120 μελίσπονδα
450 3036 590 3114 θύουσιν,
613 3032 655 3114 ὡς
678 3031 846 3100 ἀντίθετον
861 3035 953 3120 φύσιν
968 3034 1113 3120 μάλιστα

158 3172 216 3230 τοῦ
237 3166 364 3249 μέλιτος
384 3166 458 3250 πρὸς
479 3166 534 3231 τδν
556 3164 634 3230 οἶνον
657 3164 801 3250 ἔχοντος.
826 3205 864 3212 -

226 3329 269 3392 Et
293 3328 507 3411 Porphyrius
532 3330 575 3410 (d.
594 3328 637 3390 A.
652 3328 691 3392 N.
709 3328 817 3410 XIX)
843 3329 961 3391 docet:
993 3324 1113 3402 ....,τὸ

158 3454 224 3542 γὰρ
252 3456 390 3543 ζῶον...
413 3455 447 3541 (ἡ
472 3458 620 3542 μέλιττα)
714 3459 916 3542 νηφαντινιόν
953 3456 1029 3522 ὅθεν
1057 3457 1115 3522 καὶ

158 3587 305 3674 νηφάλιοι
328 3589 458 3654 σπονδαὶ
480 3591 514 3654 αἱ
535 3584 587 3651 διὰ
609 3588 750 3671 μέλιτος]
768 3628 806 3634 .-
