3014 4522
535 609 879 672 *153*-

242 790 421 870 Nusquam
459 788 549 872 enirn
579 788 758 851 Bacchum
794 789 907 871 ipsum
938 789 1038 852 favos
1070 811 1130 852 ex·

177 925 302 986 emisse
325 923 482 1005 legimus
533 921 606 986 Sed
631 922 662 985 ei
686 932 843 1004 potestas
866 923 1036 1005 liquorum
1060 924 1132 987 vini

177 1069 211 1120 et
241 1058 340 1121 lactis
376 1067 411 1118 et
445 1056 556 1120 mellis
588 1077 607 1119 e
640 1057 1013 1119 terra-eliciendorum
1049 1057 1131 1120 data

175 1190 281 1253 fuisse
298 1191 415 1261 fertur,
441 1192 522 1253 dum
540 1211 617 1254 eum
634 1191 736 1252 turba
752 1189 956 1273 Satyrorum
972 1191 1130 1253 Baccha·

175 1346 320 1407 rumque
359 1345 423 1407 per
453 1325 632 1408 Phrygiae
668 1335 803 1389 montes
835 1325 1039 1408 Lydiaeque
1071 1347 1130 1388 va-

176 1471 295 1540 gatur:

218 1589 287 1665 ,Ῥεῖ
305 1591 339 1653 δὲ
357 1589 504 1674 γάλακτι
522 1591 621 1667 πέδον,
646 1592 691 1675 ῥεῖ
711 1593 736 1655 δ’
752 1591 832 1669 οἴνα),
855 1593 900 1675 ῥεῖ
921 1589 955 1654 δὲ
976 1592 1131 1675 μελισσᾶν

218 1720 361 1805 Νὲκταρι
376 1769 383 1782 .
398 1770 403 1782 .
418 1725 443 1798 .’,
466 1735 504 1788 ut
519 1726 703 1808 Euripides
724 1727 772 1789 ait
794 1727 935 1808 (Bacch.
953 1726 1035 1805 142).
1055 1762 1097 1771 -

177 1858 295 1940 Atque
325 1857 454 1920 ibidem
482 1860 651 1941 legimus:
689 1862 717 1923 si
746 1882 814 1942 qua
838 1860 981 1951 Baecha
1008 1861 1130 1944 thyrso

176 2012 299 2053 saxum
324 1992 473 2073 attingit,
499 2014 589 2074 aqua
614 1996 777 2074 erumpit;
803 1994 832 2056 si
849 2014 927 2056 eum
949 1994 982 2055 in
1002 2003 1131 2057 terram

174 2124 321 2207 infingit,
344 2126 461 2188 vinum
479 2125 679 2202 effunditur;
704 2129 732 2218 si
748 2138 876 2191 terram
895 2128 1013 2210 digitis
1030 2130 1129 2208 radit,

137 2278 139 2281 ·
173 2260 227 2320 lac
255 2269 459 2322 emanat...

573 2387 620 2467 ,ἐκ
642 2391 676 2454 δὲ
696 2397 845 2455 κισσινῶν

215 2517 345 2602 θύρσων
359 2520 509 2604 γλυκεῖαι
527 2518 653 2602 μέλιτος
669 2519 806 2607 ἔσταζον
823 2520 910 2604 ροοιί’
927 2527 969 2606 (ν.
987 2526 1070 2605 710).
1086 2562 1128 2571 -

240 2675 356 2736 Primo
378 2685 494 2738 autem
515 2696 598 2737 vere
619 2687 747 2739 terram
771 2676 945 2739 Himerius
962 2676 1128 2758 Sophista

174 2807 285 2888 (XIII,
306 2808 335 2890 7)
360 2821 622 2884 commemorat,
657 2811 756 2891 quasi
784 2813 972 2873 adventum
995 2812 1128 2874 Bacchi

175 2941 327 3017 sentiret,
352 2943 520 3005 edidisse:

234 3068 322 3154 ’,μέλι
346 3072 403 3136 καὶ
428 3071 522 3156 γάλα
549 3072 606 3138 ναὶ
635 3073 795 3157 ποταμούς
825 3094 912 3153 τινας
942 3073 1042 3139 αὑτοῦ
1069 3081 1126 3139 τοῦ

170 3203 324 3286 νέκταρος
345 3201 496 3286 Σατύροις
517 3224 554 3266 τε
575 3203 632 3267 καὶ
655 3201 802 3288 Βάκχαις
825 3199 1000 3288 ἀρύεσθαι]
1024 3243 1065 3284 ἡ

240 3334 312 3399 Sed
347 3336 435 3398 haec
474 3338 651 3399 hactenus.
703 3338 879 3400 Bacchum
915 3360 936 3400 a
970 3338 1126 3401 Macride

170 3471 327 3554 nympha
344 3472 445 3532 melle
462 3470 623 3533 nutritum
645 3491 732 3545 esse,
754 3491 859 3551 supra
875 3472 1124 3535 annotavimus

169 3606 289 3667 Aliam
323 3624 407 3665 vero
448 3606 491 3665 de
531 3605 687 3666 eiusdem
726 3606 933 3667 educatione
973 3605 1124 3668 fabulam
