3014 4522
535 573 753 634 *39*

166 749 210 812 tis
242 748 344 813 ortus²
366 751 572 813 documento
600 749 719 813 fabula
751 751 851 812 nobis
887 771 965 813 esse
994 759 1119 832 potest,
1155 832 1156 835 Ἴ

166 904 256 966 quae
272 893 390 948 narrat
406 884 448 965 (v.
465 885 693 967 Magerstedt.
710 886 730 947 l.
743 887 764 949 l.
782 905 815 966 p.
830 886 892 966 34),
909 885 1118 948 Michaelem

166 1017 388 1081 Thomasium
408 1017 738 1094 Wisniowieckium,
762 1018 820 1101 qui
844 1019 1026 1112 millesimo
1047 1039 1117 1083 ses·

165 1152 354 1215 centesimo
382 1152 606 1235 sexagesimo
634 1173 726 1215 nono
754 1174 787 1235 p.
801 1152 880 1216 Chr.
893 1175 924 1218 n.
955 1174 1045 1217 anno
1068 1154 1117 1218 10.

163 1287 341 1350 Kasimiro
371 1288 551 1362 successit,
586 1297 775 1370 propterea
802 1288 967 1352 Poloniae
995 1309 1116 1371 regem

163 1419 292 1484 factum
308 1441 396 1496 esse,
421 1424 514 1504 quod
534 1422 568 1485 in
585 1421 752 1505 suffragio
775 1422 887 1504 apium
909 1442 1058 1486 examen
1081 1423 1116 1487 in

163 1573 206 1617 eo
229 1554 427 1619 assedisset.
451 1591 495 1602 -

230 1686 401 1768 Quoniam
426 1688 715 1774 significationem
746 1692 975 1774 symbolicam
999 1692 1116 1774 apium

163 1822 261 1886 ducis
284 1831 320 1886 et
342 1844 445 1888 omen
474 1825 642 1888 examinis
670 1825 813 1907 regibus
840 1837 875 1890 et
902 1827 1115 1908 imperatori-

161 1959 227 2021 bus
247 1957 369 2021 futuris
387 1957 539 2021 faustum
560 1959 793 2034 tractavimus
816 1959 885 2022 iam
900 1958 993 2024 fures
1014 1981 1115 2042 apes·

161 2104 228 2174 q'ue
252 2093 481 2175 contemplari
500 2094 669 2170 volumus,
692 2112 837 2175 quorum
861 2114 966 2158 sexus
990 2097 1115 2158 veteri·

159 2228 225 2289 bus
241 2226 367 2289 dubius
388 2226 608 2309 incertusque
628 2226 735 2290 fuisse
752 2227 897 2302 videtur,
922 2228 951 2290 si
974 2229 1115 2311 quidem

160 2360 194 2423 in
216 2359 409 2424 Aristotele
444 2360 590 2442 aliisque
621 2360 672 2423 rei
705 2360 868 2425 rusticae,
889 2362 1114 2445 scriptoribus

158 2494 274 2558 varias
298 2515 341 2557 ac
357 2494 513 2558 diversas
533 2496 600 2558 hac
618 2496 661 2556 de
683 2515 720 2557 re
742 2496 931 2560 sententias
952 2496 1112 2579 legimus,

158 2629 292 2691 Harum
308 2649 392 2692 vero
409 2628 661 2692 dissensionum
683 2630 886 2712 explanatio
908 2632 1009 2695 nobis
1024 2633 1112 2696 refe·

157 2766 267 2828 renda
290 2774 399 2838 esset,
427 2764 456 2828 si
485 2765 529 2826 de
558 2775 701 2828 naturae
732 2765 930 2847 cognitione
954 2776 1111 2830 veterum

158 2898 404 2963 scriberemus:
438 2899 500 2961 sed
525 2920 546 2961 a
568 2918 606 2961 re
630 2898 810 2980 proposita
841 2899 955 2962 aliena
978 2910 1041 2965 est.
1067 2902 1110 2984 (v,

157 3041 274 3096 autem
297 3033 526 3115 Magerstedt.
543 3032 564 3095 l.
575 3015 602 3095 l.
619 3052 652 3114 p.
668 3054 717 3095 21.
733 3036 784 3095 28.
800 3032 863 3113 37).

222 3166 264 3230 Id
280 3175 423 3242 tantum,
448 3168 540 3249 quod
558 3166 663 3230 etiam
685 3187 731 3229 ex
747 3164 1001 3249 significatione
1018 3189 1109 3251 sym·

154 3299 271 3364 bolica
304 3299 489 3383 triplicium
527 3300 698 3364 examinis
738 3321 906 3383 generum
941 3301 1108 3383 colligere

155 3453 349 3515 possumus,
366 3432 490 3498 afferre
506 3433 609 3498 libet:
633 3444 772 3498 veteres
789 3435 913 3498 ducem
929 3444 1108 3517 potentem

154 3602 199 3612 —
222 3577 260 3630 ut
288 3588 394 3650 supra
421 3567 569 3662 vidimus
597 3605 640 3614 -
669 3569 771 3644 virili,
806 3589 893 3650 apes
922 3568 1107 3652 diligentes
