3014 4522
761 599 1000 660 *la-2*

472 774 528 838 Ac
552 778 596 838 de
621 777 735 840 Diana
759 777 905 858 Agresti
928 776 1120 839 Pausanias
1144 776 1232 838 haec
1257 777 1362 838 docet

404 911 459 992 (V,
475 909 610 992 p.316):
643 905 930 990 ....,Πρυτανεέου
952 904 987 970 δὲ
1007 905 1066 989 τρὸ
1087 906 1142 989 μὲν
1164 910 1228 970 τῶν
1250 906 1361 989 θυρῶν

404 1039 507 1125 βωμός
540 1039 625 1104 ἐστιν
657 1039 826 1125 Ἀρτέμιδος
856 1041 1053 1126 Ἀγροτέρας’
1159 1045 1247 1106 Τυιιι
1278 1062 1362 1106 arae

405 1197 542 1259 quoque
565 1177 670 1240 Panis
694 1178 867 1241 mentione
890 1178 984 1242 facta
1006 1179 1054 1241 ita
1078 1176 1211 1259 pergit:

472 1318 640 1398 ,Ἑκάστου
661 1320 694 1385 δὲ
710 1315 797 1409 ἅπαξ
818 1328 875 1386 τοῦ
897 1320 991 1406 μηνὸς
1012 1320 1144 1386 θύουσιν
1164 1317 1213 1384 έπὶ
1233 1317 1362 1385 πάντων

406 1453 523 1517 Ἠλεῖοι
542 1458 607 1516 τῶν
627 1451 882 1536 κατειλεγμένων
896 1449 1019 1536 βωμῶν.
1042 1450 1158 1532 θύουσι
1173 1450 1207 1514 δὲ
1226 1444 1363 1535 ἀρχαῖόν

405 1565 485 1648 τινοι
499 1581 620 1666 τρόπον.
655 1580 838 1667 Λιβανῶτὸν
855 1577 921 1666 γὰρ
940 1580 1018 1664 ὁμοῦ
1039 1586 1144 1664 τυροῖς
1165 1580 1364 1664 μεμιγμένοις

407 1713 510 1796 μέλιτι
530 1713 687 1796 θυμιῶσιν
707 1709 755 1776 ἐπὶ
769 1711 823 1777 τὸν
838 1710 985 1796 βῶμὸν’..
996 1761 1018 1774 ..
1052 1713 1115 1777 Cui
1132 1734 1231 1777 sacro
1248 1715 1363 1776 oleum

408 1870 547 1932 quoque
571 1860 606 1913 et
631 1849 748 1911 vinum
772 1849 902 1911 addere
927 1847 1095 1911 solebant.

477 1994 549 2060 Sed
571 1997 640 2059 alia
660 1997 764 2059 etiam
781 1997 914 2058 ratione
931 2016 952 2057 a
969 1996 1074 2058 rebus
1097 1993 1234 2056 rusticis
1250 1993 1364 2056 aliena

409 2130 478 2192 mel
512 2131 557 2192 ad
588 2131 682 2192 illam
706 2131 807 2193 deam
833 2131 969 2194 videtur
992 2129 1175 2212 pertinere.
1228 2128 1364 2191 Dianae

411 2263 501 2325 enim
534 2264 737 2344 praecipue,
777 2264 874 2326 cuius
909 2264 1109 2325 sacerdotes
1143 2257 1364 2342 μελισσονόμοι

409 2396 465 2458 vel
487 2392 616 2476 έσσῆνις
633 2397 749 2460 vocati
766 2407 853 2469 sunt,
879 2406 913 2460 et
933 2417 1023 2478 quae
1044 2397 1121 2478 ipsa
1145 2397 1268 2459 eadem
1285 2416 1366 2458 esse

410 2551 451 2592 ac
476 2530 576 2592 Luna
605 2531 805 2611 putabatur,
836 2529 912 2611 apis
936 2550 1037 2593 sacra
1059 2529 1123 2592 fuit
1148 2530 1190 2611 (v.
1207 2528 1366 2593 Creuzer.

411 2663 530 2746 Symb.
544 2664 586 2738 ΙΙ,
605 2669 677 2744 580.
696 2669 769 2742 581.
788 2664 873 2746 585).
911 2663 1028 2746 Atque
1046 2663 1230 2745 Euripides
1245 2662 1364 2744 (Hipp.

412 2800 535 2879 70-77)
549 2798 805 2862 cohaerentiam
815 2799 951 2861 Dianae
964 2797 1109 2878 virginis
1122 2807 1157 2860 et
1170 2796 1256 2877 apis
1270 2816 1363 2879 sym·

409 2931 478 2993 boli
503 2932 839 3024 castitatiayidetur
858 2929 1054 3012 significare
1074 2931 1128 2993 his
1146 2930 1318 2993 versibus:

510 3074 616 3159 ,Χαῖρέ
638 3096 697 3158 μοι,
719 3074 746 3137 ῶ
764 3074 939 3151 καλλίστα,

511 3204 685 3269 Καλλίστα
706 3210 772 3269 τῶν
792 3209 867 3270 κατ’
884 3203 1047 3288 Ὄλυμπον

510 3333 688 3418 Παρθένων
703 3335 835 3419 Ἄρτεμι.

511 3463 563 3528 Σοὶ
584 3464 673 3529 τόνδε
695 3464 832 3530 πλεκτὸν
855 3462 1011 3547 στέφανον
1033 3461 1067 3550 έξ
1089 3456 1256 3546 ἀκηράτου

511 3594 676 3677 Λειμῶνος,
699 3595 726 3658 d)
745 3594 899 3670 δέσποινα,
920 3591 1090 3677 κοσμήσας
1111 3590 1206 3676 ρέριυ,
