3014 4522
648 644 864 706 „rt-59*

545 871 638 897 .....
645 823 741 885 Tunc
765 822 845 884 anni
869 821 971 903 signa
994 820 1118 902 prioris

237 987 239 991 ·
323 959 368 1024 Et
392 961 420 1022 si
444 961 538 1041 quod
561 957 710 1020 fortasse
735 956 833 1038 quies
856 955 1052 1037 neglexerit
1075 973 1185 1027 omen,

322 1092 432 1157 Addit
453 1112 535 1156 cura
556 1090 674 1155 novis:
698 1090 875 1172 lapidosus
892 1089 1071 1171 grandinis
1088 1089 1185 1163 ictuS,

320 1227 530 1310 Molitasque
555 1245 704 1289 examen
727 1223 828 1306 apes'
841 1273 848 1287 .
863 1272 870 1287 .
883 1273 890 1288 .
905 1273 912 1288 .

276 1362 341 1424 llle
358 1361 500 1444 quidem
520 1360 612 1434 vicit,
637 1361 709 1434 sed,
733 1368 770 1422 ut
786 1359 921 1422 Drusus
944 1359 979 1421 in
994 1378 1115 1442 pugna
1136 1360 1229 1441 apud

275 1496 490 1559 Arbalonem
526 1494 724 1568 commissa,
760 1495 929 1557 adversus
960 1493 1087 1556 malum
1114 1493 1229 1575 prodi-

276 1631 383 1714 gium.
406 1665 450 1676 -

342 1766 465 1848 Itaque
486 1764 674 1829 Creuzerus
695 1764 892 1848 opinionem
917 1783 1015 1827 suam
1038 1761 1137 1825 nobis
1158 1760 1230 1844 qui·

276 1902 357 1963 dem
377 1919 445 1962 non
461 1900 646 1982 probatam
662 1899 755 1961 haud
777 1897 849 1961 scio
871 1918 915 1960 an
937 1918 981 1960 ex
1003 1896 1117 1958 medio
1141 1916 1229 1958 aevo

275 2033 438 2097 hauserit.

343 2167 501 2230 Examen
522 2166 639 2248 apium
661 2165 752 2228 enim
773 2186 877 2248 supra
901 2166 1091 2230 exercitum
1107 2165 1229 2227 R0110-

276 2301 338 2375 nis,
355 2301 414 2384 qui
427 2299 613 2383 (A0DCCC
625 2298 742 2383 p.Chr.
755 2301 799 2381 n.)
813 2298 1030 2363 Normannos
1046 2300 1079 2362 in
1093 2299 1229 2382 Anglo-

275 2448 404 2499 terram
422 2435 530 2510 duxit,
555 2435 666 2498 visum
691 2455 769 2497 esse
794 2454 835 2497 ac
859 2435 1056 2519 prodigium
1080 2434 1229 2498 faustum

275 2569 354 2632 huic
372 2567 586 2652 expeditioni
601 2567 709 2633 fuisse
725 2569 881 2632 traditur.
907 2569 949 2652 (v.
962 2569 1128 2653 Polydori
1141 2569 1229 2632 Ver-

275 2702 333 2786 gil.
346 2702 505 2767 Urbinat.
520 2703 661 2785 Anglic.
673 2703 763 2767 Hist.
776 2703 914 2785 lib.Vp.
926 2709 977 2785 98,
991 2708 1028 2767 16
1043 2705 1096 2768 ed.
1107 2704 1228 2768 Bebel.

274 2835 378 2899 Basil.
400 2835 667 2919 MDXXXIV.)
712 2838 803 2900 Nam
825 2836 948 2913 Rollo,
980 2837 1121 2900 foedere
1151 2859 1228 2900 eum

274 2970 421 3034 Alfredo
437 2970 675 3054 Angloterrae
693 2991 779 3055 rege
795 2970 898 3047 facto,
919 2971 1035 3035 Celtos
1052 2974 1229 3054 superavit

274 3124 316 3166 ac
338 3104 476 3168 nomine
491 3104 652 3169 Roberto
676 3105 710 3167 in
733 3106 944 3187 baptismate
970 3102 1117 3188 accepto
1142 3108 1228 3170 Nor-

275 3238 448 3300 mandiam
479 3239 654 3304 constituit
678 3240 738 3322 (A0
753 3241 947 3305 DCCCXII
967 3263 999 3324 p.
1016 3242 1094 3306 Chr.
1107 3242 1161 3321 n).
1186 3279 1226 3288 —

340 3370 425 3434 Cum
449 3391 535 3434 vero
564 3393 714 3437 examen
732 3376 859 3457 apium
885 3388 919 3440 et
942 3388 1152 3458 potestatem
1176 3398 1228 3439 re·

274 3504 369 3586 giam
392 3504 542 3569 futuram
566 3511 799 3589 portenderet,
823 3522 861 3574 ut
885 3531 990 3592 supra
1013 3511 1169 3587 vidimus,
1194 3522 1228 3575 et

274 3639 469 3721 symbolum
490 3642 647 3705 coloniae
668 3662 746 3706 esse
763 3653 952 3726 putaretur,
975 3656 1013 3708 ut
1029 3645 1116 3711 infra
1133 3646 1228 3708 vide-
