3014 4522
780 589 998 650 *22*

415 763 592 845 Goetting.
614 785 704 846 1793.
723 786 756 846 p.
771 770 788 828 6
793 788 822 844 3.
841 765 1017 846 §xvim
1042 770 1159 850 paullo
1183 772 1369 853 superioris

414 899 579 979 temporis
603 901 739 981 poetae,
763 899 862 962 nobis
886 898 1003 963 affert:

457 1028 641 1113 ,Βσυγενὲας
655 1026 793 1113 φάμενος
807 1030 1022 1118 προςεβὴσατο
1037 1013 1150 1118 μακρὰ
1164 1035 1328 1118 μελίσσας

416 1170 520 1243 atque
549 1171 689 1243 praeter
717 1165 785 1226 alia
815 1164 896 1228 dicit
926 1167 1013 1247 (cap.
1035 1166 1104 1244 23):
1139 1165 1195 1242 ,Ἐν
1216 1165 1371 1250 Αἰγύπτῳ

415 1293 469 1356 τὸν
491 1290 563 1378 βοῦν
590 1289 646 1358 ἐὰν
673 1292 851 1381 κατορύξῃς
878 1291 910 1357 ἐν
932 1296 1036 1374 τόποις
1058 1296 1151 1374 τισίν,
1174 1294 1260 1359 ὥστε
1283 1291 1371 1359 αὐτὰ

416 1419 461 1486 τὰ
482 1422 607 1507 κέρατα
632 1428 690 1507 τῆς
716 1429 777 1508 γῆς
798 1422 972 1510 ὑπερέχειν,
1000 1423 1060 1488 εἶθ’
1089 1423 1220 1510 ὕστερον
1242 1420 1373 1509 ἀποπρί-

417 1575 482 1639 eng,
503 1552 636 1638 λέγουσι
658 1554 811 1638 μελίττας
833 1551 1038 1632 ἑκπὲτεσθαι,
1060 1554 1206 1619 σαπέντα
1226 1549 1293 1639 γὰρ
1315 1552 1373 1617 αιί-

417 1683 471 1750 τὸν
493 1685 535 1763 εἰς
556 1690 651 1749 τοῦτο
674 1685 868 1750 διαλύεσθαι
889 1685 927 1750 τὸ
950 1682 1048 1771 ζῷον]

484 1815 596 1897 Quam
625 1803 764 1899 quidem
788 1828 897 1882 artem
922 1819 966 1881 ab
995 1817 1164 1893 ,Arcadio
1188 1816 1371 1897 magistro’

417 1951 593 2014 inventam
617 1971 695 2014 esse
710 1951 889 2033 Vergilius
914 1951 1054 2034 (Georg.
1071 1951 1132 2027 IV,
1151 1950 1224 2033 283)
1250 1951 1371 2024 docet;

419 2088 481 2149 sed
504 2087 548 2148 de
564 2085 734 2168 Aegypto
755 2105 893 2167 quoque
913 2085 1011 2148 addit
1034 2085 1126 2166 (ibid.
1147 2106 1209 2166 294
1222 2083 1326 2166 sqq.):

445 2228 578 2303 ,Omnis
595 2229 629 2290 in
645 2231 712 2290 hac
729 2236 859 2290 certam
875 2227 974 2309 regio
990 2227 1072 2290 iacit
1087 2237 1161 2290 arte
1178 2228 1344 2290 salutem’

485 2370 600 2432 Valde
617 2378 733 2432 autem
749 2369 942 2431 mirandum
965 2378 1068 2443 esset,
1088 2390 1216 2451 vespas
1236 2370 1282 2431 ad
1298 2368 1372 2430 nul·

418 2508 487 2570 lam
522 2526 594 2568 rem
622 2504 724 2567 utiles
753 2525 799 2565 ex
828 2502 937 2584 equis,
963 2523 1008 2565 ex
1031 2505 1142 2566 bobus
1169 2521 1253 2564 vero
1283 2521 1370 2581 apes

418 2640 528 2723 gigni,
553 2660 640 2722 quas
656 2639 786 2701 Plinius
812 2639 863 2720 (N.
878 2637 921 2702 H.
939 2637 1005 2712 XI,
1019 2637 1050 2718 4)
1076 2637 1167 2700 solas
1192 2657 1237 2708 ex
1260 2637 1370 2699 insec-

419 2784 533 2838 torum
555 2793 686 2856 genere
707 2772 883 2835 hominum
907 2791 1013 2834 causa
1036 2773 1175 2853 genitas
1198 2791 1276 2833 esse
1300 2772 1370 2833 lau·

420 2911 489 2984 dat,
513 2909 542 2971 si
565 2916 703 2969 veteres
728 2926 853 2988 equum
876 2907 967 2968 bove
991 2905 1193 2968 nobiliorem
1217 2903 1371 2985 putavis-

419 3050 505 3105 sent.
561 3041 612 3104 At
647 3041 807 3123 Juppiter
845 3042 920 3122 ipse
957 3041 1002 3103 ad
1037 3039 1200 3121 Europen
1235 3039 1372 3120 rapien-

420 3179 500 3239 dam
530 3175 565 3237 in
591 3177 719 3238 bovem
749 3195 788 3237 se
815 3175 934 3252 vertit,
971 3184 1006 3237 et
1036 3173 1104 3235 iam
1135 3172 1169 3234 in
1197 3171 1372 3254 religioni·

418 3313 483 3374 bus
515 3319 671 3373 veterum
702 3308 961 3391 Aegyptiorum
994 3309 1059 3370 bos
1092 3306 1220 3388 primas
1253 3315 1372 3387 partes

419 3446 538 3510 tenuit.
571 3442 670 3524 Quae
691 3443 805 3507 omnia
821 3442 895 3506 fieri
918 3443 1056 3505 omnino
1080 3460 1149 3503 non
1169 3439 1371 3522 potuissent,

420 3580 486 3641 nisi
506 3582 615 3641 boves
636 3587 780 3660 propter
795 3577 909 3640 varias
934 3574 1197 3640 commoditates
1221 3573 1373 3635 maximo
