3014 4522
525 1520 723 1591 INDEX.

1021 1801 1074 1853 Pag.

146 1879 187 1925 De
207 1875 322 1923 lontibus
342 1890 355 1921 e
376 1875 468 1936 quibus
487 1873 625 1934 praecipue
645 1874 774 1921 hausimus
817 1915 821 1923 ,
853 1916 855 1922 .
888 1915 891 1921 .
925 1916 929 1922 .
959 1916 963 1923 .
1018 1883 1084 1930 1—8

145 1977 184 2023 De
203 1974 355 2036 antiquitate
375 1972 462 2033 apium
481 1971 615 2034 mellisque
634 1972 748 2020 culturae
780 2012 964 2022 ......
1016 1980 1103 2029 8—12

146 2075 186 2122 De
207 2072 322 2121 castitate
341 2070 428 2132 apium
461 2109 963 2122 ..............
1001 2080 1102 2128 12—18

146 2174 186 2220 De
206 2180 262 2218 ortu
283 2171 369 2232 apium
391 2186 403 2216 e
425 2169 528 2215 tloribus
568 2206 963 2220 ,,,,,,,,,,,
1001 2178 1102 2236 18-19

146 2273 186 2318 De
206 2277 262 2317 ortu
282 2269 371 2330 apium
391 2285 404 2314 e
423 2269 507 2314 bubus
527 2266 676 2328 putrefactis
709 2308 714 2317 .
745 2310 748 2317 .
780 2308 785 2317 ,
818 2306 821 2312 .
854 2311 856 2314 ,
887 2308 892 2317 .
924 2309 928 2317 .
961 2308 965 2316 .
1002 2275 1103 2333 19-28

146 2369 219 2417 Aliae
238 2368 286 2415 hac
306 2368 337 2414 de
357 2383 382 2413 re
403 2365 505 2413 fabulae
530 2403 965 2416 ,,,,,,,,,,,,,
998 2372 1104 2431 28-29

147 2468 198 2516 Ubi
220 2475 243 2514 et
263 2466 365 2528 quando
385 2474 456 2511 ortae
475 2464 524 2511 sint
544 2479 604 2526 apes
637 2504 642 2514 ,
673 2504 677 2513 ,
710 2504 714 2511 ,
746 2504 751 2513 ,
782 2504 786 2513 ,
816 2505 821 2514 ,
851 2505 856 2514 ,
889 2505 893 2511 ,
926 2504 929 2512 ,
959 2503 964 2514 ,
998 2478 1105 2528 29-30

146 2568 186 2613 De
205 2564 389 2627 significatione
409 2562 549 2624 symbolica
568 2562 655 2624 apium
675 2563 747 2610 ducis
780 2603 784 2612 .
853 2602 857 2610 .
889 2603 892 2610 .
926 2603 930 2612 .
959 2602 964 2611 .
1001 2575 1103 2626 30—35

146 2665 186 2711 lle
206 2664 292 2725 apiunr
311 2661 440 2719 examine,
461 2661 501 2709 vel
522 2661 700 2722 imperatoriae
720 2661 760 2709 vel
779 2662 863 2724 regiae
882 2660 966 2724 digni-

252 2763 318 2818 tatis,
339 2761 443 2808 omnino
463 2760 595 2821 potestatis
615 2759 814 2822 divitiarumque
833 2760 918 2807 omine
960 2795 965 2806 .
999 2770 1104 2822 35-39

146 2862 185 2907 De
206 2859 273 2918 fuco,
298 2859 416 2922 pigritiae
436 2858 626 2920 voluptatisque
645 2858 764 2919 symbolo
781 2896 965 2909 ......
1002 2869 1106 2921 39—42

148 2960 188 3005 De
208 2974 264 3019 ape,
285 2957 432 3019 diligentiae
453 2957 625 3019 castitatisque
644 2957 786 3018 symbolo,
817 2998 821 3007 ,
854 2997 859 3006 .
888 2997 893 3006 .
962 2994 980 3005 ..
1000 2966 1105 3017 42—43

148 3058 188 3104 De
207 3057 294 3119 apium
314 3056 435 3112 examine,
456 3056 512 3102 (liro
532 3055 656 3103 militibus
676 3062 796 3116 portento
817 3093 966 3104 .....
1001 3049 1108 3115 43—60

148 3156 187 3202 lle
213 3155 300 3216 apium
328 3155 456 3211 examine,
483 3154 601 3215 symbolo
629 3154 776 3202 inimicitiae
808 3163 833 3202 et
861 3161 969 3216 propter

254 3254 400 3302 aculeorum
421 3253 472 3301 vim
492 3263 516 3302 et
536 3262 642 3315 propter
661 3253 712 3301 mel
730 3268 806 3315 saepe
825 3252 932 3300 noxium
961 3291 965 3299 .
1001 3247 1106 3314 60-67

148 3353 188 3399 lle
208 3354 293 3414 apium
314 3354 438 3411 examine.
460 3353 617 3400 coloniarum
637 3352 754 3414 symbolo
774 3350 878 3413 placido
921 3389 926 3398 .
957 3389 961 3398 .
1001 3345 1104 3413 67-68

148 3452 187 3497 De
207 3451 298 3507 Musis,
329 3468 394 3515 (luae
418 3453 509 3515 apibus
528 3452 612 3514 specie
632 3461 656 3499 et
676 3450 757 3498 forma
777 3450 870 3498 similes
888 3448 967 3497 Athe·

253 3549 378 3599 niensium
394 3552 418 3598 r'n
432 3551 531 3599 Ioniam
545 3549 720 3614 navigantium
738 3549 814 3597 duces
829 3548 932 3596 luerunt
942 3581 965 3595 ..
1000 3543 1104 3610 68-69

147 3648 186 3694 lle
206 3662 253 3709 ape
273 3647 297 3693 in
319 3651 429 3696 rnuumis·
450 3649 622 3711 Ephesiorum
643 3655 756 3695 exstante
785 3687 789 3695 ‚
819 3687 824 3696 .
856 3685 860 3694 .
891 3686 895 3696 .
962 3686 966 3695 .
1036 3641 1068 3709 69
