3014 4522
766 570 984 632 *94*

401 747 518 827 apium
540 747 694 809 culturae
725 756 759 809 et
782 747 974 810 medicinae
999 768 1036 810 se
1060 748 1303 809 tradebant-
1322 755 1357 808 et

401 882 477 944 illos
499 876 656 960 Ἐσσῆνας
678 881 814 944 Dianae
831 882 1032 944 sacerdotes
1048 881 1137 944 inter
1154 901 1192 943 se
1208 879 1357 943 fortasse

402 1020 590 1081 cohaerere
613 1019 704 1079 bene
729 1023 922 1097 arguteque
948 1015 1094 1078 disserit.
1121 1051 1161 1059 -—
1221 1070 1224 1076 .

469 1151 541 1215 Sed
565 1151 633 1213 iam
658 1151 702 1212 ad
719 1150 839 1211 lovem
863 1151 908 1211 ab
931 1149 1055 1230 apibus
1076 1149 1179 1210 melle
1195 1148 1357 1228 lacteque

403 1307 423 1347 a
441 1305 548 1366 capra
564 1286 671 1347 altum
695 1284 889 1357 redeuntes
914 1304 1000 1365 quas
1016 1284 1150 1364 gratias
1171 1282 1228 1344 ille
1252 1281 1358 1344 nutri-

403 1419 500 1482 cibus
524 1418 637 1499 egerit
660 1419 850 1481 videamus
877 1453 917 1462 -

471 1555 525 1615 De
550 1552 739 1615 Amalthea
762 1553 856 1634 apud
880 1551 1099 1613 Lactantium
1129 1549 1241 1631 (instit.
1263 1549 1287 1622 I,
1308 1548 1358 1628 21)

404 1688 492 1749 haec
515 1687 682 1768 legimus:

471 1819 624 1901 ,Capella
648 1829 701 1883 est
725 1819 915 1882 Amalthea
938 1819 1102 1899 nympha,
1133 1836 1223 1897 quae
1247 1816 1360 1878 uberi·

403 1955 469 2016 bus
504 1954 575 2016 suis
610 1955 695 2016 aluit
729 1951 912 2015 infantem:
950 1952 994 2014 de
1029 1971 1098 2031 qua
1134 1949 1360 2013 Germanicus

408 2086 537 2150 Caesar
560 2088 594 2150 in
619 2086 752 2150 Arateo
777 2085 928 2148 carmine
952 2086 1002 2146 sic
1026 2085 1090 2147 ait:
1176 2139 1179 2143 .

958 2283 1037 2357 ,illa
1061 2290 1202 2364 putatur

355 2469 359 2485 ,
452 2417 578 2481 Nutrix
603 2437 680 2480 esse
704 2416 806 2490 Iovis
832 2417 860 2478 si
884 2436 967 2478 vere
990 2416 1149 2497 Iuppiter
1172 2411 1284 2475 infans
1319 2469 1325 2484 ,

452 2550 572 2612 Ubera
589 2549 735 2613 Creteae
753 2550 868 2612 mulsit
884 2547 1050 2611 fidissima
1072 2568 1209 2629 caprae,

453 2681 576 2745 Sidere
593 2704 683 2764 quae
700 2684 794 2746 claro
810 2690 949 2764 gratum
965 2691 1111 2745 testatur
1128 2681 1321 2744 alumnum!
1336 2716 1361 2723 -

477 2890 531 2952 De
567 2889 691 2970 apibus
725 2908 808 2950 vero
838 2909 859 2950 a
888 2889 971 2951 Iove
1007 2887 1160 2951 maximo
1192 2882 1361 2947 beneficio

408 3023 538 3086 ornatis
550 3022 729 3104 Vergilius
746 3022 794 3084 ita
815 3023 932 3085 scribit
954 3020 1094 3104 (Georg.
1111 3020 1172 3094 IV,
1188 3018 1361 3100 14psqq.):

454 3158 562 3231 ‚Nunc
587 3176 655 3237 age
679 3167 821 3219 naturas
845 3156 969 3237 apibus
993 3175 1080 3236 quas
1104 3152 1262 3234 Iuppiter
1285 3152 1361 3233 ipse

394 3366 397 3373 Ι
453 3269 609 3362 Addidit,
631 3291 836 3371 expediam:
853 3311 917 3372 pro
937 3266 1006 3372 qua
1026 3289 1198 3362 mercede,
1215 3306 1362 3349 canoros

454 3422 615 3485 Curetum
637 3425 768 3486 sonitus
790 3401 1064 3505 crepitantiaque
1089 3442 1170 3484 aera
1194 3430 1335 3483 secutae
1407 3470 1410 3474 ,

452 3556 601 3620 Dictaeo
626 3559 714 3621 caeli
737 3578 858 3639 regem
882 3577 1013 3639 pavere
1037 3558 1100 3619 sub
1125 3552 1245 3618 antr0.'
1270 3591 1309 3598 -
