3014 4522
764 619 1004 680 *166*

406 796 628 877 Entstehung
644 795 856 858 verdanken.
897 797 964 860 Die
985 795 1228 861 vatikanische
1244 797 1366 860 wurde

407 931 442 993 in
471 931 533 992 der
555 927 650 991 Villa
672 928 843 991 Hadriani
870 929 928 991 bei
951 929 1063 992 Tivoli
1092 928 1290 1013 gefunden.’
1321 933 1365 1014 (v,

407 1066 495 1127 haec
520 1062 704 1125 simulacra
727 1061 854 1143 apibus
878 1072 1000 1126 omata
1023 1065 1118 1145 apud
1136 1064 1366 1129 Menetreium

406 1198 426 1260 1.
443 1198 464 1259 1.
486 1218 520 1279 p.
539 1218 568 1277 9.
590 1215 638 1261 ιο.
657 1200 707 1274 58.
726 1215 776 1276 59.
795 1199 837 1258 60
862 1204 898 1257 et
920 1197 1014 1277 apud
1030 1196 1219 1260 Bellorium
1243 1201 1366 1282 ,symb.

292 1350 295 1354 “
406 1331 507 1393 Dian.
517 1329 646 1411 Ephes.
660 1331 759 1406 stat')
774 1365 813 1374 -
829 1328 1017 1392 Creuzerus
1028 1350 1120 1406 vero,
1134 1331 1193 1413 qui
1206 1335 1367 1414 symbola

408 1485 546 1548 quoque
570 1483 785 1527 nummorum
808 1463 1126 1546 Metapontinorum
1151 1467 1197 1529 ad
1215 1468 1367 1532 Dianam

407 1597 512 1661 refert
533 1596 579 1678 (v,
597 1595 751 1679 Symbol.
769 1597 812 1671 ΙΙ,
837 1618 871 1679 p.
891 1598 976 1678 603),
1001 1619 1105 1681 apem
1129 1600 1170 1664 iis
1193 1600 1281 1666 falso
1306 1624 1367 1666 an·

408 1742 574 1795 numerat.
622 1730 723 1795 Haec
748 1731 839 1794 enim
863 1731 984 1795 docet:

477 1863 585 1943 ,Statt
619 1867 682 1928 der
717 1863 825 1930 Grille
859 1866 1023 1929 kommen
1063 1866 1124 1931 auf
1155 1870 1218 1932 der
1252 1868 1365 1933 Meta·

409 1999 652 2083 pontinischen
675 1982 775 2062 [ihre
803 1999 970 2063 zuweilen
993 2000 1127 2064 Bienen
1152 2003 1253 2085 (vrgl.
1274 2004 1368 2066 oben

410 2132 445 2198 S.
465 2133 554 2214 586),
590 2133 680 2196 auch
706 2107 857 2215 ¹Fliegen
885 2131 969 2198 vor.’
1021 2132 1154 2216 Quibus
1184 2145 1303 2199 tamen
1332 2137 1368 2199 in

409 2266 557 2330 nummis
592 2266 669 2348 apis
704 2286 769 2330 nec
805 2266 840 2328 in
875 2268 973 2349 spica
1007 2288 1073 2333 nec
1107 2288 1254 2350 usquam
1284 2270 1368 2334 alibi

403 2367 588 2484 reperitur.
654 2400 757 2464 Certe
799 2400 989 2464 Creuzerus
1031 2401 1364 2467 Winckelmannum

410 2537 522 2620 (Vers.
548 2536 643 2598 einer
658 2534 776 2616 Alleg.
794 2535 896 2615 5222)
922 2547 1062 2599 secutus
1086 2547 1147 2611 est,
1172 2537 1230 2619 qui
1254 2539 1364 2601 talem

409 2691 585 2734 nummum
622 2690 666 2732 ne
705 2669 781 2750 ipse
821 2669 961 2751 quidem
1005 2669 1106 2745 vidit,
1149 2672 1213 2733 sed
1250 2672 1368 2753 potius

410 2804 582 2870 Goltzium
606 2802 711 2887 (sicil.
736 2813 771 2867 et
794 2823 911 2885 magn.
934 2801 1058 2868 Graec.
1083 2805 1153 2867 tab.
1177 2825 1219 2883 30
1241 2803 1289 2866 N⁰
1303 2804 1366 2886 ΠΙ)

410 2937 511 3002 affert
539 2958 608 3013 ,wo
625 2937 694 3020 ⁸auf
714 2938 809 3001 einer
833 2938 959 3001 Miinze
982 2957 1052 3002 von
1074 2937 1259 3021 Metapont
1287 2939 1367 3002 eine

409 3073 519 3135 Biene
543 3074 656 3135 neben
679 3091 751 3133 zwo
776 3054 899 3135 [ihren
923 3073 1042 3135 stehe.’
1088 3070 1245 3134 Eundem
1267 3091 1365 3134 num·

410 3227 503 3269 mum
534 3206 637 3269 etiam
667 3207 762 3287 apud
788 3205 977 3268 Bellorium
1010 3205 1082 3287 (1.1.
1103 3203 1232 3282 tab.V‚
1255 3204 1285 3287 5)
1316 3205 1365 3268 in·

410 3341 579 3403 venimus.
617 3376 656 3385 —
690 3337 781 3421 Quid
811 3359 895 3402 vero
930 3337 1035 3402 fidem
1071 3339 1192 3402 horum
1229 3339 1365 3403 simula·

410 3493 544 3537 crorum
561 3475 708 3555 probat?
732 3472 840 3554 Apud
857 3470 1028 3537 Goltzium
1045 3472 1137 3535 enim
1154 3475 1219 3555 (1.1.
1235 3475 1306 3537 tab.
1324 3495 1365 3554 24

410 3608 456 3670 Ν0
470 3607 530 3686 ΙΙΙ)
567 3628 669 3688 apem
705 3609 738 3669 in
773 3627 913 3669 nummo
948 3607 1159 3670 Bruttiorum
1196 3608 1365 3681 videmuS‚
