3014 4522
635 625 874 685 *1574

276 801 387 863 mellis
411 800 597 882 apiumque
622 803 690 862 mel
714 801 754 863 iis
771 821 908 882 quoque
925 802 1063 864 videtur
1086 801 1229 864 libatum

276 955 363 997 esse.
399 937 490 999 Nam
510 934 688 1016 Vergilius
711 936 801 997 haec
825 934 918 997 canit
942 934 1042 1016 (Aen.
1059 935 1120 1009 IV,
1138 934 1229 1015 483l2

699 1116 814 1142 ......
823 1067 995 1143 sacerdos,

320 1202 556 1283 Hesperidum
572 1202 692 1283 templi
711 1212 826 1265 custos
843 1204 1033 1283 epulasque
1052 1202 1202 1275 draconi,
1244 1273 1246 1276 ¹

320 1335 419 1417 Quae
433 1339 540 1399 dabat
553 1346 586 1400 et
600 1356 717 1400 sacros
735 1339 898 1399 servabat
913 1337 947 1398 in
964 1337 1088 1399 arbore
1104 1337 1229 1410 ramos,

320 1467 501 1552 Spargens
541 1471 657 1533 umida
692 1471 796 1533 mella
838 1470 1134 1552 soporiferumque
1169 1491 1230 1551 pa·

836 1663 838 1667 ,
940 1605 1068 1685 paver!

276 1750 378 1814 Certe
413 1749 469 1812 hic
505 1750 644 1830 quidem
679 1770 801 1813 versus
841 1771 941 1813 sacra
975 1749 1228 1832 Hesperidibus

275 1882 438 1965 nymphis
460 1882 553 1946 facta
568 1883 742 1946 describit.
777 1883 900 1965 Neque
925 1883 1015 1945 enim
1032 1885 1227 1958 draconem,

276 2018 455 2078 custodem
485 2035 666 2097 pomorum
701 2037 840 2097 semper
868 2016 1027 2098 vigilem,
1063 2021 1228 2081 sacerdos

275 2150 376 2211 melle
411 2160 446 2212 et
479 2169 672 2230 papavere,
708 2152 970 2214 medicamentis
999 2172 1089 2234 quae
1121 2188 1160 2197 —
1191 2166 1228 2216 ut

213 2326 215 2331 .
276 2284 523 2366 supradictum
540 2320 583 2328 -
599 2304 757 2347 somnum
773 2282 931 2360 afferunt,
948 2306 1095 2366 pascere
1107 2285 1227 2367 potuit.

341 2417 533 2480 Pausanias
546 2437 629 2480 vero
646 2419 690 2479 de
707 2417 824 2493 sacriS,
841 2438 931 2499 quae
943 2419 1114 2500 Nymphis
1128 2418 1228 2480 libari

274 2572 343 2615 non
365 2551 419 2614 fas
443 2560 546 2623 esset,
570 2551 658 2614 haec
681 2551 786 2615 tradit
811 2551 864 2634 (V,
888 2573 922 2634 p.
940 2552 1033 2634 316):

338 2682 455 2765 ,μόναις
477 2680 510 2744 δὲ
531 2685 602 2759 ταῖς
624 2681 772 2765 Νύμφαις
797 2681 834 2746 οὐ
855 2680 1030 2769 νομίζουσιν
1059 2679 1136 2746 οἶνον
1158 2679 1227 2746 οὐδὲ

274 2817 345 2890 ταῖς
366 2810 546 2889 Δεσποίναις
568 2810 705 2876 σπένδειν
725 2811 795 2883 οὐδὲ
817 2809 866 2877 ἐπὶ
886 2816 934 2896 τῷ
953 2811 1051 2898 βωμῷ
1070 2815 1118 2896 τῷ
1135 2814 1230 2894 κοινῷ

274 2940 400 3007 πάντων
421 2942 524 3005 θεῶν]

337 3071 500 3138 Δέσποιναι
546 3088 661 3142 autem
701 3079 828 3154 Diana,
869 3077 1016 3162 Cybele,
1058 3077 1227 3150 Minerva,

274 3211 485 3293 Proserpina
514 3214 793 3294 appellabantur,
823 3221 860 3273 ut
883 3212 1016 3293 Papius
1044 3210 1107 3292 (gr.
1123 3208 1226 3274 Wiir·

274 3348 361 3409 terb.
387 3367 412 3410 S.
431 3346 474 3426 ν.)
506 3349 617 3410 docet.
665 3345 736 3410 Sed
767 3367 844 3408 cum
869 3365 1041 3426 persaepe
1076 3344 1142 3406 illis
1167 3345 1225 3405 de·

274 3481 362 3541 abus
390 3479 505 3541 vinum
533 3480 712 3554 libaretur,
740 3482 808 3542 hoc
834 3482 912 3541 loco
936 3479 1073 3552 Furiae,
1103 3477 1226 3558 quibus

274 3614 391 3674 vinum
414 3633 588 3695 nunquam
610 3613 826 3686 fundebatur,
849 3613 1010 3674 videntur
1029 3611 1226 3675 nominatae
