3014 4522
516 617 820 678 477*-

144 785 363 875 ἡγλυκέτης,
395 786 481 875 ἄλλη
508 791 542 854 δὲ
564 789 602 855 ἐκ
623 799 680 856 τοῦ
703 787 806 875 ἀέρος,
832 790 910 857 ὅταν
933 787 1101 877 ἀναχυθὲν

144 920 240 1007 ὑγρὸν
273 918 336 987 ἀπὸ
370 929 428 986 τοῦ
460 918 551 1004 ἡλίου
581 921 759 1008 ουνεψηθὲν
787 921 882 1007 πέσῃ·
919 923 1041 1007 γίνεται
1068 924 1102 986 δὲ

144 1059 240 1117 τοῦτο
262 1050 409 1136 μάλιστα
431 1051 489 1117 ὑπὸ
510 1053 701 1137 πυραμητέν.
735 1049 823 1137 ἄλλη
846 1053 880 1117 δὲ
902 1054 933 1117 ἐν
955 1060 1019 1132 τοῖς
1041 1076 1101 1118 κα-

143 1180 274 1268 λάμοις.
296 1222 338 1230 -

211 1331 268 1395 Ac
292 1331 471 1396 Cornelius
495 1331 617 1395 Celsus
642 1333 758 1396 docuit
787 1333 976 1395 secundum
1000 1330 1100 1395 Colu-

145 1467 283 1528 mellam
309 1466 385 1548 (IX,
404 1465 536 1546 14,2o):
569 1487 625 1541 ‚ex
648 1465 789 1530 floribus
813 1487 912 1529 ceras
936 1466 1024 1540 fieri,
1055 1487 1100 1529 ex

145 1599 313 1662 matutino
330 1619 408 1662 rore
426 1598 548 1663 mella!
559 1637 584 1645 -
597 1599 707 1680 Quem
726 1603 771 1663 ad
783 1603 897 1663 locum
910 1603 998 1663 haec
1011 1602 1101 1663 Plini

145 1736 276 1796 addere
293 1736 452 1796 volumus
468 1736 576 1797 verba
589 1735 641 1816 (N.
655 1735 699 1797 H.
712 1735 776 1809 XI,
792 1736 838 1817 5):
857 1785 930 1800 .....
945 1737 1100 1820 ,(faciunt

144 1868 288 1950 apes)...
312 1867 439 1930 deinde
456 1869 623 1941 subolem,
644 1879 768 1952 postea
784 1872 896 1944 mella,
921 1891 1036 1933 ceram
1053 1891 1099 1931 ex

143 2000 300 2075 floribus,
332 2001 545 2083 melliginem
577 2021 596 2064 e
625 2003 776 2065 lacrimis
805 2005 979 2078 arborum,
1009 2024 1099 2085 quae

142 2135 314 2215 glutinum
343 2135 497 2217 pariunt,
534 2136 658 2199 salices
689 2138 773 2199 ulmi
801 2138 977 2200 arundinis
1006 2158 1098 2212 sum,

142 2271 292 2352 gummi,
321 2269 456 2333 resina.
472 2319 478 2332 .
493 2319 499 2332 .
514 2268 531 2333 .'
578 2270 649 2334 Ubi
673 2270 803 2333 Plinius
831 2292 899 2333 non
924 2272 1012 2334 caeli
1036 2278 1099 2334 sed

142 2405 295 2485 ipsarum
320 2405 482 2467 arborum
507 2407 669 2468 sudorem
694 2406 867 2486 designat.

208 2538 417 2621 Plerumque
435 2548 551 2602 autem
576 2540 644 2602 mel
661 2560 738 2601 cum
763 2559 846 2603 suco
871 2539 929 2601 illo
955 2541 1098 2602 caelesti

141 2683 381 2756 comparatum
398 2674 566 2748 videmus
591 2676 684 2757 quod
701 2675 768 2736 mel
786 2674 916 2738 aerium
934 2695 1041 2757 saepe
1062 2674 1097 2736 in

141 2807 244 2880 tiliae,
267 2808 420 2870 maxime
436 2828 521 2871 vero
542 2809 575 2870 in
593 2828 741 2889 quercus
756 2807 935 2871 frondibus
952 2807 1096 2869 inveniri

140 2941 377 3005 existimatum
402 2952 456 3004 est
480 2943 521 3024 (V.
544 2943 707 3007 Bochart.
724 2941 861 3005 Hier02.
882 2943 919 3006 P.
937 2942 979 3015 ΙΙ,
1001 2943 1057 3004 lib.
1076 2965 1095 3020 4

102 3163 106 3168 .
140 3095 217 3157 cap.
240 3077 300 3155 12).
346 3076 609 3158 Theophrastus
641 3077 732 3138 enim
763 3076 976 3139 familiariter
1010 3096 1095 3158 apes

141 3209 186 3270 ad
215 3229 380 3291 quercum
411 3209 576 3272 inclinare
605 3210 657 3272 his
676 3210 797 3282 ‚verbis
821 3210 976 3293 explicat
1000 3211 1030 3290 (l.
1044 3209 1093 3290 1.):

202 3351 323 3429 ,Πέπτει
345 3353 438 3418 δὲτὸ
461 3353 499 3418 ἐκ
520 3362 577 3418 τοῦ
601 3350 691 3438 ἀέρος
714 3355 785 3437 μέλι
806 3355 863 3418 καὶ
885 3355 932 3418 ἐπὶ
953 3353 1011 3438 τὴν
1033 3359 1094 3437 γῆν

138 3481 196 3545 καὶ
222 3481 271 3546 ἐπὶ
296 3479 340 3546 τὰ
368 3486 586 3569 προςτυχέντοι
614 3491 678 3548 τῶν
708 3490 822 3568 φυτῶν.
856 3483 1035 3568 supinatur
1061 3484 1095 3546 δὲ

138 3609 284 3694 μάλιστα
307 3611 356 3677 ἐπὶ
376 3620 440 3692 τοῖς
461 3614 591 3698 φύλλοις
611 3622 668 3699 τῆς
690 3613 777 3698 δρυὸς
796 3615 853 3678 καὶ
868 3614 916 3679 ἐπὶ
930 3621 987 3698 τῆς
1003 3613 1094 3697 φιλύ-
