3014 4522
759 639 812 670 aa
848 612 1000 695 5622?

392 812 426 875 p.
440 791 519 856 Chr.
532 791 575 872 n.)
601 813 749 856 examen
779 792 895 875 apium
922 791 957 854 in
985 794 1089 855 domo
1113 795 1239 856 sedens
1262 794 1348 857 Bar-

393 925 552 1000 bationis
576 926 635 1009 qui
658 926 815 1008 pedestri
838 925 980 989 militiae
996 925 1176 990 Constanti
1200 927 1348 1010 impera·

322 1043 324 1048 ’
394 1059 480 1123 toris
514 1069 691 1142 praeerat,
727 1068 763 1122 et
796 1059 876 1122 huic
910 1059 1009 1122 militi
1040 1059 1153 1122 veteri
1184 1068 1219 1123 et
1248 1062 1349 1150 uxori

394 1193 507 1257 dirum
532 1201 705 1257 ostentum
729 1191 835 1256 fuisse
864 1211 911 1255 ex
936 1192 1123 1256 Ammiano
1146 1193 1349 1258 Marcellino

394 1327 604 1410 colligimus,
639 1327 697 1410 qui
725 1328 815 1391 hanc
843 1346 917 1389 rem
946 1327 1033 1390 mira
1062 1327 1349 1411 interpretatione

395 1463 550 1527 subiecta
592 1462 640 1525 ita
679 1428 785 1524 refert
820 1459 971 1542 (XVIII,
997 1460 1046 1540 3):
1094 1460 1147 1536 ,In
1186 1461 1349 1526 comitatu

394 1595 549 1678 Augusti
579 1597 679 1659 turbo
708 1614 874 1657 novarum
903 1593 1058 1657 exoritur
1080 1613 1207 1670 rerum,
1237 1616 1258 1658 a
1280 1595 1348 1677 pri·

393 1730 534 1794 mordiis
556 1728 692 1792 levibus
716 1729 761 1792 ad
779 1731 891 1792 luctus
912 1737 948 1791 et
963 1729 1115 1792 lamenta
1130 1748 1348 1812 progressus,

393 1865 433 1928 In
446 1867 549 1928 domo
561 1862 783 1927 Barbationis
798 1863 971 1944 pedestris
985 1863 1127 1926 militiae
1139 1873 1221 1926 tunc
1237 1874 1348 1927 recto-

391 1998 438 2061 ris
462 2017 611 2062 examen
635 2016 721 2080 apes
744 1995 860 2060 fecere
883 1996 1116 2079 perspicuum.
1165 1994 1348 2080 Superque

392 2134 458 2196 hoc
487 2130 519 2195 ei
547 2123 786 2215 prodigiorum
819 2149 948 2212 gnaros
982 2129 1128 2194 sollicite
1158 2130 1350 2194 consulenti

392 2266 577 2329 discrimen
620 2285 787 2347 magnum
829 2263 990 2345 portendi
1037 2284 1244 2346 responsum
1287 2274 1348 2340 est,

366 2439 368 2442 >
391 2401 589 2464 cdniectura
609 2399 772 2464 videlicet
794 2399 873 2474 tali;
899 2400 992 2481 quod
1008 2399 1075 2461 hae
1091 2398 1252 2462 volucres
1268 2407 1350 2480 post

393 2534 606 2616 compositas
629 2536 732 2597 sedes
756 2553 913 2615 opesque
935 2540 1134 2615 congestas,
1157 2531 1251 2595 fumo
1274 2533 1348 2614 pel·

388 2668 503 2731 lantur
531 2676 567 2731 et
594 2666 792 2732 turbulento
822 2666 935 2729 sonitu
960 2666 1207 2749 cymbalorum.
1255 2665 1347 2730 Huic

391 2821 481 2865 uxor
496 2809 573 2865 erat
587 2800 758 2884 Assyria.
772 2849 779 2864 .
794 2848 801 2863 .
817 2848 824 2863 .
849 2799 1042 2864 cervicibus
1063 2797 1223 2863 interiere
1247 2819 1347 2882 prae·

393 2932 493 2999 cisis'
523 2972 560 2980 *
593 2935 813 2999 Constantius
847 2933 952 3008 enirn,
988 2953 1066 2996 cum
1101 2933 1347 2997 Barbationem

389 3068 525 3151 imperii
549 3068 712 3151 cupidum
735 3069 843 3132 vitam
868 3089 965 3132 suam
994 3077 1164 3151 expetere
1189 3087 1235 3131 ex
1257 3066 1347 3131 litte·

388 3203 435 3266 ris
466 3201 539 3265 eius
571 3205 617 3267 ad
645 3224 793 3266 uxorum
826 3202 940 3265 missis
974 3201 1190 3285 collegisset,
1226 3202 1347 3265 ambos

391 3333 537 3401 interfici
559 3335 667 3400 iussit.
692 3373 735 3382 -

456 3467 528 3534 Sed
546 3489 624 3532 cum
646 3471 714 3533 iam
739 3489 887 3532 examen
908 3469 1024 3551 apium
1045 3479 1081 3532 et
1099 3468 1235 3535 cladem
1258 3469 1345 3532 mili-

387 3616 461 3669 tum
497 3615 532 3668 et
572 3617 718 3667 mortem
760 3603 972 3688 singulorum
1007 3602 1226 3684 portendisse
1262 3603 1348 3666 satis
