3014 4522
525 603 765 662 *Ill-*-

234 773 355 855 Itaque
384 775 453 837 iam
482 797 512 838 a¹
532 778 678 858 piaculis
708 776 809 844 malla
844 781 945 846 factis
983 804 1120 848 enume-

166 908 265 969 randi
289 907 421 971 initium
445 908 562 973 facere
587 912 755 976 volumus.

233 1068 396 1132 Autonoii
412 1069 519 1151 igitur
532 1083 632 1135 vates
645 1072 810 1156 Scipioni,
822 1088 859 1140 ut
875 1078 944 1140 mel
957 1088 992 1141 et
1004 1079 1121 1151 vinum

165 1203 302 1267 Plutoni
331 1204 430 1278 libet,
460 1207 554 1285 apud
578 1203 700 1269 Silium
725 1208 881 1286 Italicum
912 1213 1027 1294 (XIII,
1046 1214 1122 1295 415)

166 1339 215 1402 ita
239 1340 380 1401 suadet:

212 1501 298 1572 ‚Duc
322 1499 503 1582 praedicta
527 1501 636 1563 sacris
660 1504 746 1563 duro
770 1504 967 1584 placamina
990 1507 1080 1569 Diti:

212 1634 318 1698 Mella
342 1635 444 1697 simul
467 1646 582 1698 tecum
607 1647 642 1698 et
665 1636 743 1717 puri
766 1637 818 1699 fer
843 1638 934 1701 dona
957 1638 1088 1721 Lyaei!

167 1809 287 1894 Atque
303 1811 536 1892 Proserpinae
554 1811 622 1873 mel
638 1809 910 1875 sacrificabatur.
945 1811 1017 1876 Mel
1035 1815 1126 1877 enim

169 1957 203 2009 et
220 1933 415 2029 symbolum
436 1944 555 2006 mortis
571 1943 635 2007 fuit
657 1954 700 2019 et,
725 1953 880 2009 mortuos
905 1966 1126 2022 conservans

168 2080 300 2143 animas
336 2079 563 2151 immortales,
598 2097 688 2158 quae
725 2099 812 2160 apes
847 2081 1124 2162 appellabantur,

170 2232 356 2295 procreare
381 2213 616 2276 existimatum
642 2223 704 2277 est.
743 2210 802 2276 Sic
824 2215 929 2277 etiam
951 2216 995 2277 de
1017 2237 1126 2278 uxore

169 2347 326 2411 Plutonis
357 2344 496 2428 filiaque
527 2344 678 2421 CereriS‚
713 2368 822 2428 penes
854 2369 958 2430 quam
989 2351 1061 2413 vita
1092 2361 1127 2414 et

170 2500 261 2543 mors
291 2488 403 2553 erant,
434 2479 468 2541 in
498 2479 636 2562 hymnis
665 2478 829 2562 Orphicis
860 2482 1054 2564 (XXVIII,
1075 2484 1125 2564 15)

170 2615 336 2697 legimus:

212 2773 291 2861 ,ζωὴ
312 2774 370 2838 καὶ
390 2771 536 2854 θάνατος
557 2772 655 2858 μούνη
677 2775 806 2858 θνητοῖς
827 2773 1054 2859 πολυμόχθυις,

213 2905 441 2990 Φερσεφόνεια’
463 2904 564 2989 φέρεις
586 2899 652 2989 γὰρ
674 2899 725 2968 ἀεὶ
745 2904 803 2968 καὶ
824 2901 930 2968 πάντα
953 2904 1096 2989 φονεύεις.

212 3035 313 3098 κλῦθι
339 3032 485 3119 μάκαιρα
511 3031 592 3112 θεά,
624 3033 762 3118 καρποὺς
791 3032 816 3097 δ’
840 3029 994 3117 ἀνάπεμπ’
1022 3029 1084 3099 ἀπὸ

872 3164 1026 3249 rainsu-

170 3325 214 3388 Et
252 3336 436 3406 praeterea
474 3329 568 3408 apud
600 3327 788 3389 Pindarum
826 3326 955 3407 (Frgm.
984 3327 1125 3389 secund.

171 3459 327 3521 Boeckh.
353 3480 400 3521 ex
422 3461 537 3542 hymn.
562 3460 596 3521 in
612 3459 821 3542 Proserpinl
846 3461 890 3522 de
917 3478 959 3520 aa
984 3458 1125 3521 dicitur:

235 3595 320 3667 ,ταῖς
352 3591 462 3673 ἱεραῖσι
491 3590 657 3674 μελίσσαις
687 3590 850 3674 τὲρπεται’
885 3593 927 3673 (ν.
952 3599 996 3654 et.
1023 3611 1126 3672 supr.‚
