3014 4522
1001 805 1055 854 Pag.

142 882 181 927 De
195 878 270 926 melle
284 879 409 940 laeteque,
429 876 556 924 infantum
575 892 733 939 graecorum,
752 892 923 936 romanorum,

246 991 425 1038 germanorum
445 975 570 1022 alimentis
630 1014 920 1026 .........
959 989 1096 1040 119-122

140 1077 180 1124 De
200 1075 276 1122 melle
296 1073 469 1121 valetudinem
489 1074 618 1136 vitamque
638 1083 803 1123 conservante
847 1116 851 1123 .
881 1116 885 1125 .
917 1114 921 1123 .
959 1071 1095 1123 122-1-26

140 1177 179 1222 De
199 1174 275 1220 melle
295 1188 356 1219 sano
376 1172 514 1233 sobrioque
528 1172 750 1235 Pythagoreorum
770 1174 828 1221 cibo
881 1213 885 1222 .
918 1212 921 1219 .
959 1169 1095 1226 126-128

140 1274 180 1321 De
199 1274 224 1320 vi
244 1272 326 1319 mellis
345 1279 460 1318 mortuos
480 1271 672 1319 conservandi.
739 1313 743 1322 .
845 1310 850 1320 .
883 1309 887 1319 .
918 1311 922 1320 .
957 1277 1096 1334 128430

140 1374 179 1419 De
198 1371 304 1418 mortuis
324 1369 399 1417 melle
420 1369 528 1416 conditis
562 1408 921 1420 ...........
959 1383 1096 1433 130-134

116 1456 178 1518 ,Ue
198 1485 246 1531 ape
266 1469 394 1529 melleque
413 1468 610 1515 immortalitatis
629 1468 753 1529 symbolis
776 1507 923 1517 .....
1003 1481 1051 1531 134

138 1568 178 1616 De
198 1568 272 1615 melle
292 1566 361 1628 apud
381 1566 512 1627 exsequias
531 1566 618 1614 inieris
641 1566 720 1613 libato
738 1562 922 1633 (μελίκρατον)
957 1581 1092 1630 134-141

139 1667 180 1713 l)e
199 1665 274 1712 melle
296 1665 400 1712 Plutoni
421 1665 640 1726 Proserpinaeque
659 1664 800 1713 sacrificato
846 1705 850 1713 .
881 1705 886 1714 .
916 1705 921 1715 .
959 1680 1095 1727 141—144

139 1764 177 1811 De
196 1762 330 1820 sacrificiis,
352 1778 416 1823 quae
437 1760 552 1825 inquiro
572 1764 738 1820 vocabantur,
757 1764 839 1810 Furiis
858 1763 923 1811 aliis·

245 1861 399 1922 quelibatis
452 1885 526 1909 .·.
560 1901 599 1906 ..
668 1899 707 1908 ,.
775 1901 921 1912 .....
1001 1877 1051 1922 144

138 1960 178 2007 De
198 1958 274 2006 melle
295 1960 391 2006 Hecate
411 1958 504 2021 triplici
525 1958 664 2006 sacrificato
702 1998 921 2010 .......
957 1975 1093 2026 144-145

139 2060 179 2106 De
200 2057 276 2105 melle
295 2057 415 2104 omnibus
434 2056 520 2104 interis
539 2056 679 2104 sacrificato
703 2097 920 2108 .......
1003 2058 1051 2120 146

110 2159 112 2163 '
138 2157 179 2205 De
198 2157 315 2203 Aristaeo
340 2155 422 2202 mellis
446 2155 559 2202 culturae
583 2156 717 2203 inventore
740 2157 844 2219 eiusque
864 2173 921 2205 curn

247 2253 348 2300 Baccho
368 2253 510 2310 certamine,
536 2269 565 2300 ac
584 2254 615 2301 de
635 2254 711 2301 melle
730 2254 760 2311 ei,
783 2255 847 2302 sicut
866 2255 922 2303 Iovi

245 2360 269 2399 et
288 2351 414 2414 Apollini,
435 2352 514 2399 libato
559 2394 561 2398 .
664 2393 919 2404 ........
956 2353 1093 2422 146-149

138 2451 178 2498 De
198 2466 246 2512 ape
266 2451 291 2497 in
311 2450 420 2497 nummis
440 2450 579 2497 Carthaeae
598 2451 713 2512 lulisque
733 2460 845 2500 exstante
878 2492 883 2502 .
1001 2469 1049 2518 149

138 2551 177 2596 De
197 2549 273 2595 melle
293 2551 324 2594 ab
343 2549 459 2595 Aristaeo
480 2550 533 2594 lovi
554 2565 602 2595 avo
622 2549 701 2596 libato
736 2590 884 2601 ,,,,,
904 2592 919 2607 ,.
1000 2566 1048 2617 149

137 2648 176 2694 De
196 2647 272 2694 melle
292 2646 402 2694 Saturno
422 2646 559 2693 sacrificato
631 2687 634 2693 .
700 2688 918 2699 .......
955 2664 1094 2716 149—150

137 2747 176 2793 De
190 2745 325 2792 Curetibus
339 2761 479 2806 eorumque
493 2761 551 2808 rege
565 2745 688 2808 Gargore,
708 2747 791 2794 mellis
805 2748 920 2796 culturae

244 2845 418 2891 inventoribus
451 2884 454 2890 .
487 2885 490 2892 .
557 2884 561 2892 .
593 2884 597 2893 .
628 2884 632 2893 .
666 2883 670 2890 .
700 2884 705 2893 .
736 2885 740 2894 .
769 2886 774 2894 .
806 2886 811 2896 .
840 2885 845 2896 .
876 2885 881 2895 .
913 2886 917 2895 .
955 2861 1089 2913 150-151

88 2994 90 2998 Α
137 2943 176 2989 De
203 2941 278 2989 melle
304 2943 404 2989 Baccho
431 2942 512 2989 mellis
543 2942 657 2990 culturae
688 2943 814 2991 inventori
844 2945 918 2992 saeri-

243 3041 317 3088 tieato
521 3057 1091 3109 ............t51-154

136 3140 176 3186 l)e
198 3139 310 3186 Mellissa
330 3141 443 3201 nympha
462 3139 545 3186 mellis
565 3139 678 3186 culturae
697 3140 835 3188 inventrice
878 3180 881 3187 .
913 3180 917 3189 .
998 3155 1046 3207 154

136 3238 175 3283 De
197 3238 374 3299 Nympharum
394 3239 493 3296 animis,
518 3255 583 3301 quae
602 3239 723 3304 μέλισσαι
742 3240 915 3288 vocabantur.
997 3256 1044 3307 ¹55

136 3335 176 3382 De
197 3336 323 3397 Nymphis
343 3337 390 3384 mel
412 3337 551 3385 libantibus
570 3337 698 3398 melleque
717 3338 879 3387 celebratis.
912 3381 916 3389 ,
954 3339 1089 3408 156-158

136 3435 175 3480 De
200 3434 274 3480 tuelle
299 3435 375 3490 Pani,
403 3435 511 3497 Priapo,
536 3435 657 3490 Mithrae,
681 3435 801 3494 Laribus,
824 3437 917 3496 Cereri,

178 3584 183 3592 Ι
245 3533 381 3590 Mercurio,
402 3535 500 3581 Dianae
520 3532 611 3595 agresti
631 3532 770 3580 sacrificato
839 3575 844 3584 .
877 3576 880 3584 .
912 3577 917 3587 ,
952 3538 1088 3604 158-163

136 3631 174 3678 De
195 3646 243 3695 ape
263 3632 286 3677 in
307 3635 415 3680 numinis
436 3635 607 3697 Ephesiorum
627 3639 739 3681 exstante
767 3673 772 3683 .
805 3675 808 3681 .
839 3676 843 3684 .
876 3676 880 3688 .
912 3676 915 3684 .
952 3635 1088 3701 163-166
