3014 4522
775 609 994 670 *764

405 785 517 848 Plinio
545 786 753 860 nominatur,
781 787 841 868 qui
868 786 995 848 deinde
1023 787 1112 848 haec
1143 785 1364 868 conqueritur

407 922 458 1003 (N.
472 920 517 983 H.
530 920 595 994 XI,
614 921 681 1003 12):
707 921 845 994 ,utinam
914 931 1008 983 esset
1029 930 1065 982 et
1080 940 1188 1003 purus
1205 940 1246 983 ac
1263 920 1362 1002 liqui·

405 1057 471 1118 dus
495 1066 530 1118 et
553 1076 637 1118 suae
661 1041 814 1129 naturae,
840 1055 952 1136 qualis
973 1051 1093 1117 defluit
1117 1053 1246 1136 primo:
1271 1074 1361 1117 nunc

291 1174 298 1190 ’
405 1211 489 1253 vero
512 1200 645 1253 etanta
670 1191 800 1252 cadens
824 1188 1015 1262 altitudine,
1040 1190 1254 1270 multumque
1279 1189 1361 1251 dum

404 1324 508 1399 venit,
534 1326 740 1387 sordescens
757 1334 792 1386 et
808 1323 913 1386 obvio
929 1332 1044 1385 terrae
1060 1323 1182 1386 habitu
1198 1323 1360 1398 infectus;

404 1468 587 1539 praeterea
612 1480 631 1520 e
652 1457 774 1520 fronde
799 1477 840 1520 ac
864 1458 1001 1540 pabulis
1024 1467 1130 1539 potus
1154 1467 1189 1520 et
1212 1458 1246 1521 in
1269 1470 1359 1522 uter·

405 1593 501 1655 culos
529 1605 720 1674 congestus
749 1613 855 1674 apum
889 1592 961 1674 (ore
992 1593 1084 1655 enim
1112 1593 1284 1675 vomunt),
1314 1596 1360 1657 ad

404 1727 492 1789 haec
513 1747 596 1789 suco
612 1725 735 1789 florum
757 1738 938 1808 corruptus
962 1736 997 1789 et
1020 1727 1131 1790 alveis
1153 1736 1359 1803 maceratus,

402 1861 575 1943 totiesque
599 1870 761 1936 mutatus,
784 1881 949 1943 magnam
973 1870 1090 1923 tamen
1114 1862 1276 1926 caelestis
1300 1884 1359 1926 na·

402 2010 500 2059 turae
525 1995 742 2078 voluptatem
766 1992 888 2059 affert'
914 2031 952 2041 -

469 2129 558 2192 Mira
574 2131 662 2192 haec
679 2129 819 2211 quidem
840 2129 957 2212 opinio
974 2140 1131 2193 veterum
1146 2129 1246 2193 nobis
1262 2130 1357 2192 vide-

402 2275 457 2327 tur
481 2284 573 2342 esse,
604 2265 667 2326 sed
696 2264 807 2326 minus
836 2263 993 2326 obsoleta
1017 2263 1046 2325 si
1069 2263 1104 2324 in
1128 2263 1274 2345 egregio
1298 2264 1358 2327 illo

400 2398 488 2460 libro
511 2397 722 2480 Wolfgangi
746 2397 912 2472 Menzeli‚
947 2416 1051 2479 quem
1080 2398 1356 2471 ,vorchristliche

403 2531 827 2595 Unsterbliehkeitslehre'
840 2531 1041 2606 nominavit,
1053 2530 1203 2613 legimus
1214 2533 1307 2614 (tom.
1315 2532 1357 2607 Il,

399 2687 477 2748 cap.
498 2688 546 2746 13.
575 2666 670 2749 Lips.
697 2665 808 2747 1870),
844 2667 913 2728 mel
944 2664 1118 2748 hodieque
1149 2665 1184 2727 in
1215 2666 1355 2748 quibus·

399 2803 479 2863 dam
511 2799 720 2865 Germaniae
754 2801 956 2882 regionibus
992 2800 1357 2877 ‚Himmelsschweils'

399 2935 528 2999 vocari.

466 3067 599 3150 Quibus
634 3069 669 3131 in
698 3072 802 3132 rebus
830 3069 1108 3151 Theophrastus,
1144 3090 1356 3153 quamquam

399 3203 587 3286 discipulus
612 3203 825 3279 Aristotelis,
863 3225 925 3268 suo
954 3203 1081 3268 iudicio
1109 3205 1223 3288 magis
1251 3225 1356 3288 quam

398 3338 530 3401 Plinius
553 3359 636 3401 usus
661 3350 726 3413 est,
757 3337 927 3421 triplicem
955 3340 1066 3402 mellis
1090 3339 1355 3422 generationem

398 3472 447 3535 ita
464 3493 668 3536 enumerans
686 3475 731 3556 (p.
745 3472 838 3554 475):
860 3469 938 3547 ,Ὅτι
953 3471 1058 3535 αἰτοῦ
1077 3471 1203 3556 μέλιτος
1217 3470 1356 3556 γενέσεις

398 3605 535 3688 τριτταὶ·
555 3626 576 3688 η
591 3605 646 3688 μὲν
662 3601 725 3670 ἀπὸ
739 3610 804 3669 τῶν
820 3600 930 3669 ἀνθῶν
949 3605 1007 3670 καὶ
1025 3604 1057 3670 ἐν
1077 3602 1120 3685 οἷς
1139 3601 1250 3684 ἄλλοις
1270 3603 1355 3669 ἐστὶν
