3014 4522
747 566 900 660 4158
934 624 988 654 κ-

393 798 480 839 esse.
516 777 556 838 Id
574 775 679 857 igitur
696 776 806 839 solum
826 796 895 838 non
912 776 1006 839 licuit
1022 778 1204 861 Nymphis,
1229 779 1346 841 vinum

392 914 437 973 ad
473 930 689 972 communem
726 911 869 972 deorum
905 910 1055 973 omnium
1096 933 1190 976 aram
1225 914 1346 975 libare.

390 1045 486 1107 Alibi
509 1065 592 1107 vero
617 1045 652 1106 id
676 1064 813 1108 sacrum
836 1043 1043 1124 permissum
1068 1055 1151 1109 erat.
1196 1047 1287 1110 Nam
1311 1047 1345 1109 in

390 1179 541 1242 Eusebio
560 1180 697 1261 (oracul.
714 1177 866 1260 Apollin.
883 1178 939 1240 lib.
957 1177 1017 1253 IV,
1036 1199 1063 1242 c.
1079 1180 1109 1260 9)
1126 1179 1295 1262 legimus:

454 1310 549 1386 ,Χιῦε
569 1309 640 1393 μὲλι
661 1310 812 1392 νύμφαισι
827 1307 993 1373 Διωνύσοιο
1014 1331 1051 1373 τι
1074 1311 1174 1395 δὼρα’
1199 1314 1241 1397 (ν.
1263 1315 1345 1378 ibid.

389 1470 421 1511 v.
445 1447 505 1528 12).
553 1447 626 1509 Mel
650 1466 733 1508 vero
763 1456 798 1508 et
824 1447 879 1509 lae
910 1446 983 1509 sine
1008 1447 1087 1510 vino
1112 1449 1206 1529 apud
1230 1449 1344 1510 Theo-

390 1582 512 1645 critum
537 1580 597 1662 (Id.
612 1580 655 1660 V,
674 1580 726 1661 45)
743 1579 918 1662 Nymphis
942 1591 976 1643 et
996 1581 1083 1644 Pani
1103 1581 1238 1644 libatur.
1279 1581 1344 1645 Co-

390 1724 503 1777 matas
528 1715 617 1777 enim
641 1725 762 1796 pastor
785 1714 832 1777 ibi
856 1714 964 1780 canit:

457 1862 539 1948 ,Οὐχ
561 1860 647 1950 ἑρψιί)
669 1869 767 1948 τηνεί·
789 1870 894 1930 τουτεῐ
916 1862 1009 1949 δρύες,
1032 1863 1091 1928 ὧδε
1111 1862 1253 1948 κὺτιιρος

447 1993 523 2056 Ὧδε
544 1993 647 2059 καλὸν
668 1992 832 2079 βομβιῠντι
852 1994 923 2061 ποτὶ
944 1992 1100 2080 σμοίνεσσι
1121 1994 1287 2078 μίλισσαι’

389 2141 526 2204 Deinde
550 2141 670 2203 Lacon
695 2141 737 2223 (v.
757 2143 828 2223 53):

422 2272 549 2365 Στασιῑ)
572 2270 606 2333 δὲ
627 2276 773 2355 κρητῆρα
795 2270 898 2356 μέγαν
920 2271 1045 2336 λευκοῖο
1067 2267 1244 2356 γάλακτος,

431 2401 508 2479 Ταῖς
529 2399 675 2484 νύμφαις·
698 2405 813 2465 στασὼ
836 2399 870 2464 δὲ
889 2399 947 2464 καὶ
969 2395 1060 2480 ἁδὲσς
1081 2397 1182 2466 ἄλλον
1204 2399 1322 2466 ἐλαίαν]

389 2536 476 2597 Tum
501 2532 663 2598 Comatas
689 2535 731 2616 (v.
750 2532 820 2614 58):

433 2666 551 2728 Στασῶ
574 2664 599 2728 δ’
621 2663 708 2729 ὀκτὼ
731 2661 785 2747 μὲν
807 2663 940 2747 γαυλὼς
961 2665 1008 2746 τῷ
1028 2662 1111 2728 Πανὶ
1131 2660 1302 2749 γάλακτος

432 2793 539 2859 Ὀκτὼ
559 2794 593 2857 δὲ
615 2793 775 2878 σκαφίδας
796 2793 922 2877 μέλιτος
942 2792 1026 2858 πλέα
1047 2793 1128 2878 κηρί
1151 2793 1300 2878 ἐχοίσας]

389 2942 490 3016 Pani,
520 2951 698 3023 pastorum
727 2943 806 3017 de0‚
837 2942 901 3005 soli
928 2942 997 3005 mel
1021 2963 1042 3006 a
1065 2941 1211 3006 Comata
1239 2943 1344 3006 sacri-

389 3073 485 3138 ficari
501 3077 646 3151 videtur,
671 3096 880 3158 quamquam
896 3075 1068 3158 interpres
1084 3095 1235 3159 graecus
1252 3076 1344 3138 hunc

390 3211 435 3272 ad
459 3210 571 3271 locum
595 3209 661 3271 ait:

453 3338 560 3416 ,αὗται
579 3343 787 3425 (Nymphae)
809 3336 876 3425 γὰρ
901 3338 1069 3427 δρέψασαι
1093 3339 1148 3406 τὸν
1166 3340 1345 3426 Ἀρισταῖον,

390 3470 536 3560 ἐδίδαξαν
562 3472 621 3557 τὴν
647 3481 706 3538 τοῦ
735 3472 844 3539 ἐλαίου
870 3471 1025 3558 ἐργασίαν
1051 3473 1108 3538 καὶ
1134 3472 1272 3557 μέλιτος,
1302 3472 1345 3552 ὥς

392 3624 486 3688 φησιν
507 3603 736 3688 Ἀριστοτέλης]
760 3643 801 3650 -
