3014 4522
757 608 998 672 ’δι-16444

403 775 527 851 Delum
541 783 742 850 Callimachi
755 808 786 850 v.
801 766 873 869 210)
887 797 1012 869 argute
1034 788 1082 851 ita
1098 787 1356 870 interpretatur,

400 930 437 983 ut
460 922 562 984 arbor
585 921 653 995 illa,
682 921 763 1003 quia
784 922 920 984 Latona
940 921 1091 1004 palmam
1115 923 1149 984 in
1179 922 1357 985 doloribus

398 1064 519 1135 partus
544 1055 730 1137 complexa
760 1056 912 1118 tenuisse
936 1057 1104 1130 tradatur,
1135 1068 1246 1119 ortum
1272 1056 1356 1119 Dia-

398 1210 465 1252 nae
489 1200 524 1252 et
547 1189 720 1283 Apollinis
745 1187 927 1274 significet.

465 1332 567 1395 Certe
584 1333 724 1414 quidem
745 1333 822 1413 apis
838 1354 976 1415 quoque
993 1335 1114 1402 horum
1138 1337 1355 1396 nummorum

400 1468 594 1549 symbolum
617 1467 753 1529 Dianae
777 1465 849 1529 fuit.
894 1467 1080 1549 Pignorius
1104 1467 1204 1542 enim,
1230 1468 1288 1550 qui
1314 1504 1356 1512 --

398 1613 436 1664 ut
460 1621 565 1682 supra
589 1601 788 1681 scripsimus
814 1599 981 1682 (Symbol.
999 1602 1099 1683 epist.
1120 1602 1171 1681 28)
1194 1639 1235 1645 —
1261 1602 1356 1664 illam

398 1755 501 1816 apem
532 1736 726 1816 symbolum
756 1737 912 1799 coloniae
936 1757 1015 1800 esse
1039 1738 1143 1800 docet
1166 1747 1357 1820 propterea

398 1871 492 1950 quod
516 1869 571 1930 vel
593 1869 713 1932 Musas
738 1870 855 1951 specie
880 1881 915 1933 et
940 1868 1051 1933 forma
1075 1870 1200 1952 apibus
1225 1872 1356 1935 similes

397 2002 664 2065 Atheniensium
677 2003 711 2064 in
724 2003 856 2066 Ioniam
874 2004 1113 2086 navigantium
1127 2006 1235 2068 duces
1247 2005 1356 2070 fuisse

398 2137 455 2198 vel
479 2101 582 2218 apem
607 2137 728 2219 ipsam,
754 2137 852 2219 quasi
869 2139 994 2200 ducem
1011 2138 1090 2201 viae
1107 2140 1249 2202 humani
1273 2140 1356 2219 civi·

396 2270 509 2352 lisque
539 2271 664 2342 cultus
692 2270 727 2332 in
754 2269 880 2333 fabulis
909 2271 1105 2335 inveniatur
1133 2274 1177 2356 (v.
1196 2271 1355 2337 Creuzer.

397 2402 517 2486 Symb.
535 2403 581 2477 ΙΙ,
601 2408 679 2482 586;
709 2404 769 2478 IV,
793 2424 864 2484 353.
884 2409 964 2483 358;
994 2405 1050 2468 W.
1074 2405 1220 2470 Menzel.
1242 2406 1355 2488 Myth.

397 2538 539 2601 Forsch.
561 2559 593 2620 p.
611 2557 682 2616 215.
699 2538 782 2619 216),
806 2559 874 2601 non
894 2539 997 2600 valde
1022 2548 1128 2613 errat;
1152 2541 1215 2602 sed
1238 2551 1356 2604 tamen

396 2673 459 2734 has
483 2670 619 2735 fabulas
643 2673 688 2734 ad
704 2672 853 2735 Dianam
878 2683 1039 2754 spectare
1064 2693 1142 2736 eum
1166 2675 1354 2755 praeteriit.

396 2806 485 2868 Nam
508 2806 621 2887 ipsam
649 2806 800 2869 Dianam
827 2806 997 2869 coloniam
1026 2807 1125 2870 Nelei
1156 2808 1190 2869 in
1220 2808 1354 2870 Ioniam

396 2941 586 3003 deduxisse
604 2940 836 3004 Callimachus
861 2941 989 3024 (hymn.
1010 2941 1044 3003 in
1062 2942 1212 3005 Dianam
1231 2963 1261 3005 v.
1280 2941 1353 3021 225)

396 3074 444 3136 ita
467 3074 588 3138 refert:
602 3124 609 3137 .
624 3124 629 3136 .
645 3122 651 3136 .

797 3205 903 3289 ,Χαῖρε
925 3204 1050 3290 Χιτώνη

459 3329 595 3416 Μιλήτῳ
618 3331 758 3418 ἐπίδημε·
781 3335 819 3398 σὲ
840 3329 904 3418 γὰρ
926 3333 1082 3418 ποιήσατο
1104 3333 1230 3418 Νηλεὺς

459 3462 640 3548 Ἡγεμόνην,
663 3464 716 3529 ὅτε
738 3465 844 3550 νηυσὶν
867 3461 1006 3550 ἀνήγετο
1029 3465 1262 3549 Κεκροπίηθεν]

397 3608 763 3717 (v.Winckelm.Vers
781 3613 1092 3693 einerAllegorie§
1109 3633 1179 3684 201,
1198 3612 1257 3693 qui
1276 3612 1352 3693 ipse
