3014 4522
528 577 747 645 ...ἐπ-,μ

38 760 42 766 ’
161 757 285 822 similia
310 760 481 841 plurima'.
506 796 548 806 —
573 757 808 840 Quamobrem
831 760 956 843 Bailey
980 756 1114 841 (Hiero-

160 895 281 976 glyph.
306 894 406 976 origo
431 905 466 958 et
488 902 621 957 natura.
670 893 882 977 Cambridge
903 898 984 957 1816
1006 914 1040 975 p.
1056 913 1113 972 52;
1243 969 1244 973 Ἰ

160 1032 202 1108 64
216 1027 302 1110 sqq.)
331 1048 435 1110 apem
464 1028 497 1089 in
525 1029 679 1092 obelisco
702 1029 872 1092 Flaminio
894 1030 1113 1092 Pharaonem

158 1162 370 1225 Ramessem
390 1181 513 1244 regem
534 1162 731 1244 significare
748 1163 909 1244 opinatur
925 1163 968 1245 (V.
986 1173 1029 1227 et.
1046 1164 1114 1225 hoc

159 1298 204 1358 de
237 1297 396 1379 symbolo
425 1297 605 1380 Horapoll.
640 1297 671 1360 d.
709 1296 856 1378 hierogl.
886 1296 1045 1391 Aegypt,
1079 1306 1114 1359 et

158 1428 315 1493 Creuzer.
332 1429 452 1513 Symh
465 1431 507 1506 ΙΙ,
528 1451 600 1509 213,
615 1430 699 1510 214).
736 1430 782 1493 Et
797 1429 835 1491 E.
850 1427 995 1503 Curtius
1011 1449 1113 1511 grae-

158 1583 275 1626 carum
298 1584 412 1626 rerum
436 1563 682 1626 celeberrimus
706 1563 863 1644 scriptor,
889 1562 924 1623 in
945 1562 1113 1643 opusculo

158 1717 220 1760 suo
237 1687 344 1773 ,Uber
358 1696 708 1778 Wappengebrauch
730 1697 801 1757 und
817 1686 1044 1776 Wappenstil
1066 1695 1113 1756 im

158 1831 402 1912 griechischen
418 1829 628 1892 Alterthum’
650 1828 815 1911 inscripto
832 1829 875 1911 (v.
888 1828 1065 1892 Abhandl.
1080 1830 1112 1890 d.

157 1964 376 2046 philos-hist.
391 1965 523 2027 Klasse
545 1965 577 2028 d.
600 1963 686 2026 berl.
703 1963 820 2027 Akad.
845 1965 876 2026 d.
893 1963 1111 2027 Wissensch.

161 2102 256 2178 1874,
284 2097 320 2163 S.
339 2098 392 2180 93)
424 2100 545 2161 docet:
584 2097 646 2172 ‚Es
677 2098 749 2178 gab
782 2097 945 2172 Zeichen,
977 2100 1111 2164 welche

138 2234 225 2295 -den
253 2231 364 2297 Stand
397 2233 459 2295 des
487 2233 637 2296 Fiirsten
671 2231 924 2307 ausdrucktem
954 2232 1020 2294 wie
1051 2233 1112 2310 der

156 2367 356 2430 Buchstabe
382 2380 412 2438 ss
440 2365 502 2429 auf
528 2367 597 2429 den
623 2365 850 2448 Kypris'chen
874 2365 1112 2428 Denkmiilern

158 2496 288 2573 (BAx=
309 2495 485 2582 βασιλεὺς),
519 2499 585 2562 wie
620 2500 684 2560 das
702 2499 799 2580 ¹Bild
834 2500 897 2561 der
931 2500 1042 2562 Biene
1076 2501 1112 2562 in

155 2613 365 2714 Aegyptem
383 2651 421 2693 so
439 2632 501 2694 der
511 2630 624 2694 Adler
640 2630 703 2694 auf
716 2633 1111 2698 Ptolemaermiinzen'...

221 2764 345 2846 Itaque
371 2765 494 2826 eadem
517 2764 651 2828 ratione
675 2786 778 2846 apem
795 2786 942 2847 quoque,
967 2787 1057 2848 quae
1078 2767 1112 2829 in

154 2897 301 2960 nummis
330 2899 484 2982 Philippi
506 2897 773 2980 Alexandrique
811 2900 951 2980 saepius
986 2909 1111 2974 exstat,

155 3032 396 3115 accipiendam
409 3053 488 3095 esse
500 3033 784 3095 verisimillimum
796 3034 895 3097 nobis
908 3035 1053 3099 videtur.
1067 3071 1111 3080 —

222 3166 300 3230 Hac
317 3188 363 3229 ex
386 3165 640 3249 significatione
664 3167 855 3249 symbolica
875 3169 992 3250 apium
1013 3169 1110 3231 ducis

154 3301 327 3363 sententia
349 3313 432 3365 nata
456 3311 519 3375 est,
543 3321 632 3382 quae
658 3322 775 3363 earum
800 3322 948 3364 examen
971 3302 1028 3363 vel
1049 3302 1110 3364 im·

153 3433 353 3514 peratoriae
377 3437 433 3496 vel
457 3435 578 3516 regiae
603 3435 793 3515 dignitatis
823 3448 948 3516 postea
971 3436 1109 3497 omnino

152 3568 338 3646 potestatis
364 3569 629 3650 divitiarumque
654 3588 755 3630 omen
780 3589 857 3629 esse
881 3570 1006 3644 docuit.
1042 3569 1109 3631 Ita·

919 3675 948 3740 3¹!
