3014 4522
515 598 858 662 νιι-163ν·ε*’

252 774 344 838 Ἔνθ’
367 772 441 838 οὔτε
461 772 574 858 ποιμὴν
596 769 678 861 ἀξιοῖ
698 771 819 859 φέρβειν
841 771 930 858 βοτά,

258 903 333 969 Οὑτ’
354 903 441 992 ἦλθέ
462 924 511 967 πω
534 903 665 987 σίδηρος,
689 898 763 967 ἀλλ’
786 897 949 988 ἀκήρατον

257 1033 407 1098 Μέλισσα
428 1035 553 1117 λειμῶν’
575 1032 675 1119 ἠρινὸς
698 1033 876 1119 διέρχεται]
912 1100 915 1106 ,

224 1183 458 1267 Quamobrem
482 1186 515 1248 in
539 1185 687 1249 nummis
703 1186 943 1268 Ephesiorum,
967 1205 1112 1267 quorum

157 1321 326 1402 templum
355 1320 490 1383 Dianae
527 1319 790 1382 celeberrimum
824 1318 931 1382 fuisse
967 1330 1111 1392 constat,

157 1455 305 1537 primum
330 1455 363 1517 in
390 1464 489 1536 parte
514 1455 665 1516 adversa
688 1473 791 1534 apem
815 1453 849 1514 in
872 1473 996 1515 aversa
1020 1474 1113 1535 ,qua-

158 1590 293 1651 dratum
322 1585 493 1650 incusum'
528 1587 626 1660 illud,
662 1588 757 1668 quod
791 1587 999 1649 incunabula
1029 1586 1113 1648 artis

158 1741 374 1784 nummorum
414 1721 662 1802 signandorum
696 1719 838 1792 indicat,
877 1721 1112 1791 observamus

158 1854 286 1918 deinde
322 1865 358 1917 et
393 1875 497 1936 apem
531 1865 567 1917 et
597 1874 739 1917 cervum
770 1853 1006 1936 palmamque,
1041 1863 1114 1916 tum

158 2009 262 2070 apem
299 1997 334 2052 et
358 1990 509 2053 Dianam
536 1989 649 2070 ipsam
684 1987 746 2070 (sic
775 1990 808 2052 in
833 2009 938 2051 aureo
963 1989 1115 2070 quodam

157 2124 312 2186 thesauri
331 2123 512 2196 Parisiaci;
537 2143 568 2186 v.
589 2131 633 2184 et.
652 2122 857 2196 Mommsen,
878 2121 982 2185 Riim.
996 2121 1114 2184 Miinz·

158 2277 239 2320 wes.
265 2278 298 2339 p.
317 2276 390 2336 594.
426 2256 645 2336 Berl.1860).
670 2291 710 2302 -

225 2389 316 2473 Quin
333 2411 465 2464 cervus
490 2390 545 2453 cui
562 2389 675 2453 Diana
697 2383 923 2472 (ἐλαφηβόλος)
943 2398 1114 2471 praeerat,

159 2525 354 2587 venationis
377 2523 573 2606 symbolum
598 2524 642 2587 sit
664 2544 732 2586 non
757 2524 964 2588 dubitamus,
1003 2521 1115 2605 Span-

159 2658 295 2720 hemius
319 2677 403 2720 vero
427 2659 472 2720 ad
496 2678 654 2720 nummos
671 2657 867 2730 Faustinae,
890 2656 949 2719 ubi
966 2657 1115 2719 Dianam

160 2791 273 2854 facem
285 2794 484 2873 portantem
498 2792 579 2852 etin
591 2801 694 2871 tergo
708 2790 801 2853 cervi
815 2792 994 2853 sedentem
1010 2800 1115 2872 atque

160 2926 419 3008 inscriptionem
456 2920 824 2998 ,AETERNITAS
853 2920 1115 2987 AVGVSTA’

161 3060 335 3133 videmus
366 3079 507 3121 cervum
537 3061 581 3120 ob
605 3058 748 3139 longam
772 3078 869 3120 suam
893 3057 1000 3119 vitam
1025 3079 1116 3140 sym-

160 3193 279 3255 bolum
296 3192 512 3254 aeternitatis
524 3192 630 3254 fuisse
645 3193 748 3254 docet
765 3193 822 3272 (ad
834 3193 951 3274 hymn.
969 3192 1001 3254 in
1015 3191 1116 3256 Dian.

162 3324 365 3389 Callimachi
389 3347 420 3387 v.
439 3327 521 3404 106).
559 3323 671 3407 Quam
696 3345 768 3387 rem
792 3324 870 3387 face
894 3323 1030 3386 ardenti
1050 3325 1117 3386 hoc

161 3461 239 3522 loco
264 3457 452 3541 significari
476 3460 654 3522 malumus
700 3459 857 3522 Palmam
881 3467 998 3521 autem
1021 3478 1116 3519 num-

162 3612 296 3655 morum
312 3592 542 3673 Ephesiorum
563 3590 797 3674 Spanhemius
822 3593 864 3672 (v.
883 3593 928 3653 ad
948 3591 1065 3673 hymn.
1083 3591 1117 3652 in

910 3697 956 3748 11*
