3014 4522
779 602 1019 664 *1484-

441 825 444 829 -
487 778 565 841 Hoc
592 779 696 840 modo
719 778 775 841 ille
799 780 880 874 mel,
910 781 1002 860 quod
1027 779 1138 860 primo
1167 779 1231 841 diis
1255 778 1374 860 displi-

421 913 533 975 cuisse
557 911 712 986 videtur,
739 913 773 974 in
798 913 964 976 honorem
987 914 1136 978 reduxit.
1182 914 1281 987 Nam,
1306 913 1375 976 mel

420 1048 501 1110 olim
513 1047 594 1109 vino
612 1047 646 1109 in
664 1047 850 1109 certamine
863 1045 1017 1109 Aristaei
1034 1067 1112 1109 cum
1124 1047 1267 1111 Baccho
1282 1047 1375 1111 facto

421 1181 579 1255 cessisse,
593 1182 736 1245 Nonnus
750 1183 907 1265 (Dionys.
920 1181 1020 1256 XIII,
1036 1187 1209 1261 258—279
1223 1189 1258 1242 et
1269 1180 1374 1255 XIX,

423 1314 607 1395 228-260)
626 1315 801 1379 describit.
838 1315 935 1378 Deos
952 1315 1053 1388 enim,
1075 1313 1271 1377 certaminis
1288 1314 1374 1377 iudi-

421 1469 493 1525 ces,
521 1448 638 1512 vinum
667 1459 775 1513 totum
804 1469 869 1531 per
897 1449 988 1513 diem
1016 1449 1163 1513 libenter
1185 1448 1374 1531 putavisse,

421 1581 531 1645 mellis
547 1601 630 1644 vero
654 1581 698 1664 (v.
718 1580 752 1645 in
772 1583 835 1646 litt.
852 1592 959 1648 sanct.
977 1583 1052 1646 libr.
1069 1583 1234 1646 Proverb.
1250 1582 1373 1658 XXV,

426 1720 479 1780 16:
517 1715 590 1798 ,qui
614 1716 682 1779 mel
705 1717 849 1779 multum
873 1717 1036 1793 comedit,
1068 1737 1137 1780 non
1166 1717 1197 1780 ei
1219 1715 1373 1797 bonum’)

420 1850 617 1912 satietatem
640 1849 884 1932 fastidiumque
908 1870 992 1913 mox
1016 1849 1162 1932 cepisse,
1187 1852 1292 1932 poeta
1316 1850 1373 1913 ille

421 1981 526 2044 refert
550 1993 585 2046 et
605 1983 695 2046 hunc
719 1980 823 2046 finem
843 1983 982 2047 fabulae
998 1983 1081 2046 iecit
1105 1983 1217 2066 (XIII,
1236 1983 1327 2065 276):

461 2110 544 2191 Ζεὺς
564 2111 600 2176 δὲ
621 2109 919 2198 μελιῤῥαθάμιγγος
938 2109 1096 2199 ἐθάμβεον
1120 2111 1202 2198 ἔργα
1221 2112 1374 2197 μελίσσης

460 2241 638 2326 Δαιδαλὲην
659 2245 688 2304 τ’
711 2237 808 2306 ὠδῖνα
831 2241 1026 2328 φιλοσμήνου
1048 2248 1197 2320 τοκοτοῖο,

461 2374 566 2455 Δῶρον
587 2371 789 2456 Ἀρισταίοιο·
810 2372 869 2438 καὶ
890 2372 1045 2458 οἰνοχὺτῳ
1066 2374 1204 2458 Διονύσῳ

456 2501 585 2568 Ὤπασε
604 2502 781 2567 λυσιπόνοιο
802 2502 905 2587 φέρων
927 2500 1117 2588 πρωτάγρια
1138 2501 1240 2587 rium?

420 2650 464 2729 (v.
480 2647 612 2711 Nitsch.
634 2649 654 2711 l.
672 2648 694 2710 l.
716 2648 750 2710 ΙΙ
773 2669 806 2730 p.
825 2651 900 2729 316)
926 2648 1125 2712 Aristaeum
1154 2659 1291 2712 veteres
1322 2649 1372 2712 di·

418 2780 498 2843 vino
528 2782 659 2844 honore
690 2782 838 2863 primum
867 2781 959 2845 Ceae
991 2784 1025 2846 in
1053 2783 1163 2846 insula
1193 2785 1372 2848 coluerunt

420 2934 461 2976 ac
479 2933 556 2977 cum
572 2913 655 2976 Iove
673 2923 707 2977 et
723 2914 888 2998 Apolline
910 2917 1052 3000 saepius
1072 2926 1372 2999 comparaverunt.

420 3048 462 3129 (v.
480 3047 619 3112 Pindar.
641 3049 744 3132 Pyth.
762 3049 826 3124 IX,
845 3055 1032 3125 112-1163
1068 3049 1163 3114 Voss
1193 3052 1238 3114 ad
1260 3049 1370 3132 Verg.

420 3180 548 3264 Georg.
566 3202 600 3263 p.
617 3203 667 3263 53.
682 3190 763 3262 8403
787 3184 930 3248 Diodor.
948 3183 1015 3249 Sic.
1033 3184 1086 3248 IV
1097 3183 1166 3259 i.f.;
1191 3180 1309 3247 Schol.
1326 3184 1372 3248 ad

420 3313 584 3398 Apollon.
600 3317 718 3380 Rhod.
735 3318 777 3392 II,
796 3323 877 3400 498;
901 3317 1152 3400 Athenagoras
1176 3317 1290 3399 suppl.
1307 3338 1372 3400 pro

422 3445 623 3513 Christianis
647 3452 699 3513 ed.
722 3451 758 3514 L.
777 3452 873 3515 Paul.
894 3451 994 3515 Halis
1020 3456 1101 3532 1856
1124 3472 1151 3516 c.
1167 3451 1253 3526 XII,
1276 3471 1310 3533 p.
1329 3472 1370 3530 42

419 3582 439 3645 i.
452 3582 488 3657 f.;
514 3594 548 3647 et
573 3580 728 3649 Creuzer.
748 3583 868 3668 Symb.
885 3585 944 3660 IV,
963 3584 1046 3666 350).
