3014 4522
635 635 688 671 *aa
727 606 787 679 173
823 637 892 695 ψ’,

339 784 394 869 ,ὡς
420 787 463 855 δὲ
480 786 512 870 ἐς
537 788 595 875 τὴν
617 789 791 876 Λεβάδειαν
818 788 969 871 ἐλθόντες
997 789 1056 855 οὐκ
1083 788 1231 857 ἐδύναντο

276 916 373 1002 εὑρεῖν
394 919 432 984 τὸ
459 927 616 1004 μαντεῖον,
644 919 790 986 ἐνταῦθα
812 927 878 985 τῶν
900 921 934 1009 ἐξ
955 921 1156 1006 Ἀκραιφνίου
1177 923 1231 986 πί-

275 1050 358 1127 λεως
388 1047 479 1114 Σάων
513 1050 615 1133 (οὗτος
645 1051 678 1115 δὲ
706 1051 742 1139 ἦν
770 1050 828 1115 ναὶ
858 1047 968 1134 ἡλικίᾳ
1001 1057 1066 1115 των
1098 1051 1232 1136 θεωρῶν

275 1178 503 1265 πρεσβύτατος)
526 1180 601 1245 είδεν
617 1179 711 1266 ἑσμὸν
731 1184 891 1266 μελισσῶν
903 1232 909 1245 .
922 1222 949 1245 ,2
967 1185 1228 1267 [Buttmannust

277 1313 334 1377 καὶ
358 1312 387 1377 οἱ
406 1314 560 1399 παρέστη]
588 1314 655 1381 ὅποι
673 1320 741 1380 ποτ’
765 1311 804 1380 ἂν
826 1310 1074 1400 ἀποτράπωνται
1096 1312 1233 1380 καὶαύ-

277 1443 351 1522 τοὺς
382 1442 531 1510 ἕπεσθαι·
568 1444 688 1510 αὐτίκα
721 1445 760 1530 δὴ
792 1443 853 1525 τὰς
886 1444 1041 1530 μελίσσας
1076 1446 1108 1524 ἐς
1136 1451 1233 1510 τοῦτο

276 1571 487 1660 ἐσπετομένας
508 1576 567 1659 ὁρᾷ
587 1581 644 1659 τῆς
659 1582 719 1661 γῆς
740 1575 798 1640 καὶ
819 1576 995 1659 συνεςῆλθὲ
1018 1597 1122 1659 σφισιν
1144 1571 1175 1653 ἐς
1195 1575 1233 1640 τὸ

277 1709 437 1787 μαντεῖον]
461 1744 501 1751 -
555 1775 557 1785 2

346 1864 458 1948 Quam
495 1876 639 1949 propter
673 1867 790 1947 apium
821 1866 1066 1929 divinationem
1096 1864 1232 1948 Pythia,

277 2001 451 2083 Apollinis
468 2003 642 2074 sacerdos
670 2002 755 2082 ‚apis
772 1998 945 2082 delphiea’
969 1984 1145 2062 nominata
1169 2009 1232 2061 est.

278 2135 366 2197 Nam
391 2135 561 2198 Pindarus
587 2135 699 2217 (Pyth.
718 2135 778 2208 IV,
801 2134 871 2214 roo)
897 2135 961 2196 ait:
986 2116 1009 2166 ¹*

321 2309 366 2385 ,Ὠ
381 2308 492 2394 μάκαρ
507 2311 554 2374 υἱὲ
568 2306 809 2393 Πολυμνάστου,
828 2311 866 2373 σὲ
880 2309 905 2372 δ’
918 2309 950 2373 ἐν
965 2307 1070 2390 τούτῳ
1089 2308 1180 2391 λόγῳ

322 2440 469 2524 Χρησμὸς
491 2438 646 2524 ὤρθωσεν
669 2439 824 2524 μελίσσας
846 2440 1059 2524 Δελφίδος...’

277 2620 401 2702 Itaque
432 2622 526 2682 haud
557 2621 732 2691 miramur,
770 2620 837 2682 mel
865 2619 1020 2701 Apollini
1052 2630 1087 2681 et
1114 2628 1232 2680 vatum

277 2756 559 2836 medicorumque
597 2768 632 2817 et
667 2757 848 2837 poetarum
883 2764 1130 2836 pastorumque
1166 2755 1232 2815 deo

278 2889 427 2971 ducique
462 2889 639 2951 Musarum
675 2886 904 2952 sacrificatum
938 2888 1045 2951 fuisse
1086 2891 1127 2965 (v.
1153 2897 1187 2949 et
1210 2887 1231 2951 l.

276 3023 351 3087 infr.
370 3024 390 3085 l.
408 3023 581 3103 Pansam).
606 3056 649 3068 -

345 3184 533 3266 Reliquum
558 3194 624 3257 est,
653 3192 691 3245 ut
718 3183 881 3245 nonnulla
911 3201 1011 3244 sacra
1028 3179 1233 3255 'referamus

278 3320 313 3383 in
338 3319 461 3400 quibus
485 3317 673 3399 praecipue
690 3316 841 3378 Romani
865 3315 968 3408 melle
992 3315 1187 3378 utebantur.

345 3480 465 3542 Ianum
483 3480 582 3552 enim,
608 3478 662 3541 cui
687 3498 761 3558 ‚par
781 3477 909 3540 nullum
927 3474 1076 3539 Graecia
1097 3473 1233 3538 numen’

198 3610 200 3614 ’
278 3615 407 3686 habuit,
426 3615 452 3674 si
467 3613 629 3675 Ovidium
648 3612 823 3692 sequimur
841 3611 944 3692 (Fast.
960 3610 984 3683 I,
1001 3609 1064 3688 ρο),
1081 3608 1234 3670 Romani
