3014 4522
775 629 993 692 *58*

473 806 685 882 ,Adventare
702 808 812 870 virum
835 808 911 888 (i.e.·
923 807 1093 890 Aeneam)
1111 818 1146 872 et
1161 819 1279 891 partes
1300 815 1369 892 pe?

862 953 934 1005 tere
959 962 1086 1024 agmen
1112 944 1254 1006 easdem

471 1076 633 1141 Partibus
647 1096 692 1139 ex
706 1076 816 1138 isdem
830 1084 864 1139 et
879 1095 1011 1139 summa
1024 1076 1235 1140 dominarier
1255 1076 1360 1141 arce’.

472 1210 559 1273 Tum
581 1209 699 1292 ignem
715 1208 883 1272 Laviniae
900 1209 1109 1272 immolantis
1131 1210 1245 1274 crines
1269 1230 1361 1273 com·

405 1344 586 1425 prendisse
601 1344 751 1427 legimus
767 1354 938 1426 vatesque
955 1343 1147 1406 coniecisse
1167 1344 1209 1426 (v.
1229 1342 1292 1425 79).

429 1478 504 1550 ,hoc
521 1497 623 1540 omen
639 1479 769 1561 populo
791 1498 957 1560 magnum
973 1480 1184 1562 portendere
1199 1478 1338 1542 bellum'

406 1609 506 1674 Haec
522 1632 606 1676 sane
623 1612 738 1675 omnia
753 1633 809 1675 res
826 1613 997 1675 secundas
1011 1612 1360 1694 praenuntiaverunt:

407 1766 487 1809 nam
498 1744 656 1809 Aeneam
670 1757 704 1810 et
713 1745 893 1810 Lauiniam
906 1745 941 1807 in
953 1745 1204 1809 matrimonium
1218 1746 1361 1810 duxisse

408 1890 442 1943 et
465 1880 590 1943 Latino
614 1890 748 1975 mortuo
772 1879 806 1942 in
827 1879 928 1942 Latio
952 1899 1121 1962 regnasse
1145 1882 1239 1943 haud
1261 1881 1361 1962 igno-

407 2027 479 2078 tum
503 2025 564 2078 est.
611 2014 684 2079 Sed
714 2024 848 2078 tantum
878 2017 990 2090 abest,
1025 2024 1063 2078 ut
1094 2035 1243 2078 examen
1278 2015 1361 2077 illud

407 2149 523 2230 apium
545 2148 707 2212 militibus
725 2149 840 2212 Latini
855 2148 950 2230 regis
966 2169 1068 2212 omen
1083 2148 1234 2212 faustum
1249 2148 1360 2222 luerit,

407 2293 445 2346 ut
469 2293 528 2346 aut
553 2282 699 2347 Aeneae
723 2282 905 2346 victoriam
929 2302 970 2345 ac
993 2282 1128 2365 regiam
1151 2292 1361 2365 potestatem

407 2416 557 2480 futuram
587 2417 806 2498 portendisse
836 2427 908 2490 aut,
941 2415 970 2478 si
997 2415 1055 2480 W.
1080 2415 1287 2479 Menzelium
1317 2418 1359 2500 (v,

306 2564 309 2568 ’
407 2551 518 2634 Myth.
535 2552 678 2614 Forsch.
695 2572 729 2633 p.
750 2550 823 2633 215)
841 2551 1024 2633 sequimur,
1045 2571 1147 2614 omen
1163 2551 1252 2614 illius
1268 2553 1360 2614 colo-

406 2686 485 2748 niae
515 2722 556 2732 -
589 2707 657 2768 quo
691 2687 735 2748 de
768 2686 926 2768 symbolo
961 2684 1049 2748 infra
1080 2685 1290 2748 disseremus
1320 2725 1355 2734 -

405 2817 512 2882 fuisse
536 2820 703 2884 videatur.

473 2954 589 3017 Nihilo
617 2955 731 3038 magis
754 2955 838 3017 illud
863 2974 1012 3017 examen
1036 2955 1166 3038 apium,
1197 2956 1291 3036 quod
1314 2954 1362 3036 (in

405 3089 473 3152 fine
502 3089 614 3171 quarti
641 3110 674 3171 p.
693 3087 772 3152 Chr.
790 3111 821 3152 n.
851 3089 991 3168 saeculi)
1026 3109 1131 3172 supra
1167 3089 1360 3153 exercitum

407 3221 607 3286 Stilichonis
637 3224 779 3299 volavit,
816 3223 987 3306 subtiliter
1014 3224 1116 3287 nobis
1144 3224 1360 3287 observanti·

405 3359 471 3420 bus
495 3377 596 3419 omen
620 3358 769 3421 faustum
793 3357 913 3431 fuisse,
938 3359 1129 3440 putandum
1153 3368 1216 3432 est,
1240 3378 1360 3440 quam-

405 3513 509 3576 quam
521 3501 646 3574 postea
656 3492 768 3557 Getae
786 3495 830 3557 ab
847 3493 972 3555 eodem
989 3492 1144 3574 superati
1159 3501 1246 3556 sunt.
1270 3492 1360 3556 Nam

406 3626 616 3692 Claudianus
638 3629 704 3689 hac
726 3629 770 3690 de
792 3648 828 3689 re
851 3627 933 3690 dicit
955 3627 1106 3710 (XXVI.
1127 3631 1187 3706 238
1202 3627 1307 3710 sqq.):
