3014 4522
773 592 991 655 -ιειιιΡ

405 766 508 829 etiam
532 762 562 838 ,ὁ
583 756 725 848 ἡγεμόν’
749 772 973 852 comparandi
998 794 1104 835 causa
1127 773 1256 836 dictum
1280 797 1359 839 esse

405 910 439 963 et
454 901 728 984 Xenophontem
750 906 793 966 ab
815 904 890 966 aliis
911 905 1004 967 nullo
1027 909 1131 969 modo
1153 907 1359 972 dissensisse

404 1037 593 1116 opinamur.
650 1036 728 1118 Qua
766 1046 924 1099 veterum
959 1041 1092 1102 ratione
1131 1042 1205 1103 sola
1241 1044 1359 1124 apium

404 1165 477 1232 dux
492 1191 613 1233 verum
633 1171 754 1252 regiae
776 1171 966 1235 maiestatis
988 1175 1184 1255 symbolum
1203 1174 1278 1239 fieri
1297 1198 1359 1259 po·

403 1304 476 1367 tuit.
507 1342 540 1347 --

470 1438 525 1499 De
545 1446 669 1501 natura
690 1439 763 1501 eius
789 1441 931 1501 excelsa
947 1439 1167 1504 Florentinus
1189 1441 1358 1527 (Geopon.

403 1572 460 1635 lib.
478 1572 560 1646 XV,
580 1594 607 1646 2,
625 1573 677 1652 30)
702 1573 765 1633 has
786 1572 891 1634 tradit
912 1574 1117 1636 sententias:
1141 1573 1240 1651 ,Φασὶ
1258 1572 1299 1652 δέ,
1322 1571 1360 1639 ἐκ

403 1711 460 1768 τοῦ
492 1701 676 1788 ἐγκεφάλου
697 1702 848 1786 γίνεσθαι
876 1701 949 1780 τους
976 1700 1142 1788 βασιλέας,
1172 1700 1210 1767 ἑιι
1236 1703 1270 1767 δὲ
1295 1710 1360 1768 τῶν

405 1839 534 1918 σαρκῶν
552 1837 673 1918 (bovis)
689 1828 751 1910 τὰς
772 1827 878 1910 ἄλλας
898 1833 1065 1915 μελίττας
1090 1834 1241 1918 (γίνονται
1256 1833 1289 1896 δὲ
1304 1834 1361 1897 καὶ

405 1969 443 2035 ἐν
462 1977 520 2034 του
546 1967 694 2032 νωτιαίου
715 1968 833 2049 μυελοῦ
853 1967 1019 2053 βασιλεῖς)
1052 1967 1268 2052 κρατιστεύειν
1290 1968 1361 2051 μὲν-

348 2101 351 2106 '
404 2123 453 2166 τοι
467 2100 541 2179 τοὺς
560 2096 597 2163 ἑκ
612 2107 669 2164 τοῦ
684 2096 869 2184 ἐγκεφάλου
890 2097 1024 2182 μεγέθει
1038 2119 1074 2161 τε
1094 2097 1152 2161 καὶ
1169 2095 1287 2161 κάλλει
1303 2098 1362 2162 καὶ

405 2232 494 2316 ῥώμῃ
516 2235 581 2294 τῶν
604 2225 731 2293 ἄλλοιν.

472 2362 549 2444 Qua
576 2385 614 2425 re
644 2363 863 2425 antecellenti
894 2361 973 2423 duci
1002 2361 1142 2440 plebem
1172 2360 1360 2421 maximam

405 2498 659 2559 oboedientiam
683 2505 860 2577 praestare
878 2493 1056 2575 Vergilius
1080 2493 1127 2555 ita
1150 2494 1255 2555 tradit
1279 2491 1359 2575 (Ge-

394 2651 478 2722 uorg.
495 2631 555 2705 IV,
574 2650 636 2693 210
650 2629 754 2711 sqq.):

493 2821 611 2847 ......
618 2761 739 2854 regem
760 2793 826 2832 non
849 2772 898 2832 sic
920 2770 1111 2851 Aegyptos
1132 2778 1167 2830 et
1191 2769 1315 2849 ingens

450 2907 571 2988 Lydia,
595 2927 658 2967 nec
683 2905 802 2987 populi
827 2905 1033 2967 Parthorum
1059 2912 1117 2965 aut
1140 2903 1266 2964 Medus

996 3037 1208 3119 'Hydaspes

450 3175 656 3238 Observant.
696 3174 802 3254 Rege
827 3171 986 3233 incolumi
1012 3191 1109 3232 mens
1134 3168 1292 3231 omnibus

1022 3325 1092 3366 una
1116 3314 1168 3366 est
1177 3325 1184 3376 ;

298 3473 302 3481 ·
449 3443 591 3506 Amisso
614 3460 739 3522 rupere
764 3439 877 3513 fidem,
903 3449 1171 3520 constructaque
1196 3437 1298 3499 mella

450 3579 633 3657 Diripuere
659 3576 755 3656 ipsae
780 3586 814 3638 et
835 3586 949 3637 crates
965 3575 1101 3636 solvere
1118 3571 1290 3635 favorum'
1305 3620 1361 3633 ....
