3014 4522
652 601 847 663 rar—94·

182 857 184 863 y
252 801 319 842 ac
354 779 445 842 melli
482 775 689 860 significatio
731 778 923 860 symbolica
959 780 1123 842 attributa
1158 786 1226 852 est;

273 915 403 997 quippe
434 935 524 995 quae
554 912 635 975 oriri
662 934 731 975 non
755 914 940 994 potuisset,
967 914 1033 976 nisi
1057 934 1103 975 ex
1132 922 1228 976 certa

274 1051 425 1132 quadam
446 1049 536 1112 illius
558 1049 714 1110 culturae
732 1047 940 1130 cognitione.
977 1047 1054 1129 Quo
1070 1056 1228 1128 tempore

273 1187 419 1266 locoque
444 1185 517 1247 eius
542 1183 749 1245 incunabula
773 1182 1007 1264 apparuerint,
1031 1182 1065 1243 id
1088 1182 1228 1263 quidem

275 1320 443 1382 incertum
468 1327 535 1392 est;
561 1318 624 1380 sed
647 1326 772 1409 postea
787 1318 992 1396 videbimus,
1016 1319 1084 1379 iam
1108 1325 1228 1380 vetere

275 1474 320 1516 ex
345 1452 533 1535 Aegypt0‚
567 1452 626 1513 ubi
655 1451 758 1515 etiam
790 1452 902 1532 prima
931 1452 1121 1533 specimina
1151 1453 1228 1534 apis

276 1587 459 1669 symbolici
503 1586 677 1648 simulacri
716 1551 995 1660 inveniebantur}
1039 1595 1229 1668 praecepta

274 1722 390 1802 apium
425 1722 647 1783 colendarum
678 1719 821 1783 Graecis
854 1721 981 1783 tradita
1014 1740 1092 1782 esse
1123 1731 1227 1800 atque

276 1876 336 1918 eos
361 1838 470 1917 artem
494 1854 684 1917 mellariam
710 1856 754 1916 ab
771 1856 933 1917 heroibus
955 1856 1090 1937 diisque
1111 1875 1227 1935 reper-

274 2001 345 2053 tam
363 1990 563 2052 credidisse.
600 1987 690 2069 Quin
712 1989 817 2071 igitur
834 1989 960 2053 Graeci
981 2001 1138 2070 tempore
1160 1988 1228 2049 iam

275 2119 421 2182 Hesiodi
450 2119 537 2180 alvis
561 2119 613 2181 usi
636 2119 718 2192 sint,
755 2118 972 2182 ratiocinanti
1001 2117 1227 2180 dubitandum

275 2273 344 2314 non
367 2259 429 2326 est,
455 2253 484 2314 si
507 2253 594 2334 legit
618 2253 763 2335 (Theog.
790 2252 879 2333 594):

406 2445 492 2510 ὁπότ’
515 2443 546 2509 ἐν
569 2446 722 2529 σμήνεσσι
742 2444 977 2528 κατηρεφέεσσι
1000 2444 1149 2526 μέλισσαι

318 2582 464 2660 κηφῆνας
485 2576 654 2662 βόσκουσι.
667 2627 673 2640 .
686 2627 692 2639 .
705 2627 711 2640 .

344 2789 457 2884 Idem,
481 2792 574 2870 quod
595 2811 641 2853 ex
665 2791 820 2853 Hesiodo
845 2799 976 2852 certum
1001 2796 1062 2861 est,
1087 2808 1133 2848 ex
1156 2786 1228 2847 Ho-

277 2943 373 2984 mero
403 2921 526 2985 coniici
554 2935 683 3005 potest,
717 2924 775 3005 qui
803 2935 837 2986 et
867 2923 917 3005 (Ii.
939 2922 1008 2995 XI,
1033 2923 1107 3001 631)
1145 2914 1231 2998 ,μέλι

275 3053 419 3138 χλωρὸν’
451 3058 484 3118 in
515 3078 625 3120 aenea
658 3058 758 3120 lance
791 3056 977 3120 Machaoni
1013 3074 1054 3116 ac
1090 3053 1230 3117 Nestori

278 3193 322 3254 ab
347 3192 550 3254 Hecamede
579 3190 751 3274 mancipio
776 3201 811 3254 et
835 3189 972 3272 (Odyss¹
991 3190 1038 3264 X,
1058 3187 1131 3269 234)
1160 3209 1229 3249 me-

278 3325 497 3395 dicamentis,
534 3336 571 3402 ut
606 3324 745 3406 penitus
778 3288 1086 3387 obliviscerentur⁶
1096 3321 1229 3403 patriae

279 3469 402 3533 terrae,
425 3459 571 3521 mixtum
595 3458 664 3519 mel
688 3479 709 3519 a
732 3456 830 3520 Circe
854 3456 950 3519 Ulixi
980 3455 1229 3536 comitibusque

279 3593 375 3675 potui
403 3591 603 3674 appositum
632 3611 710 3653 esse
739 3591 852 3656 tradit.
904 3590 1027 3678 Neque
1061 3591 1127 3658 hoc
1157 3589 1229 3658 solo
