3014 4522
759 606 978 668 *284-

391 785 541 845 adesset
578 784 694 845 Boves
711 784 829 863 apium
844 785 1101 864 gignendorum
1121 806 1228 847 causa
1243 806 1345 847 neca·

390 920 524 992 bantur,
547 938 662 999 neque
686 937 780 989 vero,
803 928 842 980 ut
865 918 933 998 ipsi
955 918 1167 999 punirentur.
1190 954 1232 964 -

458 1051 650 1133 Plerosque
680 1061 754 1113 toto
781 1052 884 1113 boiis
911 1072 1058 1133 corpore
1087 1053 1177 1114 banc
1203 1053 1345 1114 adrem

390 1205 473 1246 usos
494 1205 574 1247 esse
592 1185 873 1248 observaximus:
897 1195 1018 1247 contra
1037 1197 1072 1248 et
1086 1185 1218 1247 Plinius
1234 1186 1286 1266 (N.
1301 1185 1345 1248 H.

390 1319 456 1391 XI,
474 1339 491 1378 2
496 1321 527 1398 3)
562 1330 704 1381 ventres
737 1319 886 1381 bubulos
914 1316 1074 1380 sufficere
1104 1319 1166 1390 ait,
1195 1319 1347 1400 itemque

391 1452 582 1515 Columella
611 1453 688 1534 (IX,
706 1458 791 1531 ιμ’)
822 1455 1012 1516 secundum
1040 1453 1259 1534 Magonem),
1288 1454 1347 1536 qui

390 1587 479 1648 haec
495 1586 611 1648 addit:
635 1608 750 1668 ,quam
771 1588 941 1649 rationem
962 1587 1163 1668 diligentius
1181 1589 1346 1671 prosequi

391 1738 646 1800 supervacuum
669 1730 764 1800 puto,
794 1721 1015 1782 consentiens
1039 1719 1156 1794 CelsO,
1185 1721 1244 1801 qui
1267 1742 1347 1802 pru·

391 1853 592 1915 dentissime
621 1853 682 1926 ait,
718 1873 787 1914 non
819 1863 917 1915 tanto
944 1854 1084 1916 interitu
1111 1874 1221 1934 pecus
1256 1854 1348 1916 istud

391 1987 523 2079 amitti„
549 1998 587 2049 ut
615 1986 665 2048 sic
694 1988 938 2069 requirendum
963 1987 1030 2050 sit'.
1076 1987 1179 2050 Certe
1206 1989 1347 2070 quidem

391 2119 582 2182 Columella
598 2121 784 2202 providere
802 2142 870 2183 non
887 2123 1008 2202 potuit,
1029 2122 1224 2184 Rabusium
1241 2144 1347 2204 quen·

391 2255 470 2315 dam
501 2253 593 2343 mille
622 2263 657 2316 et
686 2254 884 2336 quingentis
914 2256 1013 2317 annis
1036 2268 1116 2337 post
1146 2256 1179 2317 in
1204 2257 1348 2338 quinde-

391 2388 481 2449 cimo
498 2388 576 2449 libri
593 2388 644 2449 sui
663 2388 750 2461 ‚Von
769 2392 848 2450 dem
864 2387 1053 2450 Veldtbau’
1071 2387 1234 2468 (Strassb.
1253 2390 1346 2470 1566)

391 2522 546 2604 inscripti
577 2523 693 2603 capite
728 2522 817 2596 ,Von
847 2524 913 2583 den
944 2523 1067 2604 Bynen
1103 2523 1173 2585 und
1201 2523 1268 2585 wie
1297 2524 1347 2584 sie

391 2677 453 2718 aus
483 2657 594 2718 einem
623 2657 744 2720 todten
774 2658 885 2721 Rindt
913 2655 1093 2719 wachsen'
1122 2657 1346 2720 disserturum

388 2788 505 2852 fuisse.
530 2827 573 2834 —

456 2922 557 2985 Alias
587 2923 736 3005 denique
764 2923 900 2986 fabulas
930 2926 974 2985 de
1004 2924 1121 3004 apium
1146 2933 1223 2985 ortu
1246 2922 1346 2985 Colu-

389 3058 492 3118 mella
509 3059 596 3119 duas
617 3057 665 3120 ita
686 3059 786 3119 nobis
808 3056 912 3120 refert
930 3057 1006 3138 (IX,
1026 3079 1052 3131 2,
1072 3056 1120 3135 3):
1151 3057 1238 3131 ‚Nec
1262 3078 1346 3119 sane

389 3188 516 3252 rustico
549 3191 692 3273 dignum
731 3202 783 3253 est
821 3191 1002 3263 sciscitari,
1042 3190 1189 3254 fueritne
1225 3191 1348 3254 mulier

389 3324 621 3405 pulcherrima
653 3325 772 3406 specie
802 3325 958 3399 Melissa,
994 3345 1097 3407 quam
1125 3324 1283 3406 Iuppiter
1312 3325 1346 3386 in

389 3478 492 3539 apem
522 3460 705 3534 convertit,
735 3480 777 3521 an
804 3461 852 3540 (ut
876 3459 1092 3521 Euhemerus
1119 3459 1227 3540 po'eta
1250 3457 1345 3526 dicit)

390 3592 615 3655 crabronibus
649 3603 684 3656 et
718 3593 791 3655 sole
820 3593 959 3674 genitas
992 3613 1092 3674 apes
1127 3612 1215 3675 quas
1246 3611 1342 3673 nym-
