3014 4522
656 575 851 635 ,νμ-

276 751 357 813 lecti
391 750 543 832 editique
574 761 666 827 sunt,
700 752 763 814 sed
794 752 862 814 iam
898 753 1004 813 multo
1039 761 1119 813 ante
1150 772 1230 814 con-

276 884 404 967 scripti.

343 1017 593 1080 Recentiorum
609 1037 693 1079 vero
715 1026 902 1092 auctorum,
928 1017 986 1099 qui
1006 1018 1154 1079 nummis
1177 1038 1229 1080 re·

277 1152 406 1234 spectis
453 1152 649 1234 symbolum
699 1152 783 1214 illud
829 1161 1083 1225 tractaverunt,
1131 1152 1230 1215 Clau·

277 1285 352 1348 dius
376 1284 589 1347 Menetreius
618 1286 749 1368 primus
780 1285 918 1348 videtur
943 1308 1038 1362 esse;
1076 1287 1172 1349 cuius
1197 1288 1229 1348 in

275 1420 362 1481 libro
399 1416 616 1501 ,Symbolica
643 1419 779 1481 Dianae
809 1421 984 1501 Ephesiae
1019 1419 1147 1501 statua’
1182 1422 1230 1482 in-

277 1554 415 1635 scripto,
433 1573 535 1635 quern
553 1551 603 1613 Αο
617 1551 819 1616 MDCLVII
834 1554 973 1618 Romae
990 1555 1107 1634 edidit,
1127 1555 1230 1616 etiam

188 1767 193 1774 ι
276 1689 352 1770 apis
387 1687 568 1768 mellisque
604 1688 764 1769 symbola
799 1687 976 1769 explicata
1010 1697 1097 1752 sunt.
1152 1687 1229 1769 Quo

275 1822 361 1884 libro
382 1832 420 1884 ut
441 1821 541 1884 nobis
562 1822 700 1885 videtur
723 1832 914 1884 commotus
936 1821 1012 1900 Joh.
1035 1821 1125 1885 Petr.
1150 1821 1229 1883 Bel·

275 1956 379 2017 lorius
408 1975 499 2017 anno
528 1954 688 2036 sequenti
718 1966 831 2029 ,notas
859 1955 893 2016 in
921 1955 1129 2017 numismata
1157 1964 1230 2017 tum

275 2089 429 2170 Ephesia
458 2098 531 2151 tum
565 2089 708 2150 aliarum
739 2088 874 2151 urbium
903 2089 1027 2170 apibus
1056 2087 1229 2169 insignita'

276 2223 397 2285 emisit.
433 2224 659 2286 Nummorum
675 2242 759 2284 vero
784 2222 984 2295 simulacris
1010 2243 1099 2303 quae
1115 2222 1229 2284 Bello-

274 2357 345 2418 rius
384 2358 526 2440 antiquo
562 2368 597 2421 et
632 2358 736 2419 valde
772 2376 938 2437 perverso
974 2376 1069 2419 more
1106 2359 1230 2418 eadem

275 2492 388 2553 omnia
418 2491 656 2573 magnitudine
684 2492 844 2573 praebet,
874 2489 979 2553 fidem
1007 2466 1138 2553 habere
1162 2511 1229 2552 non

274 2624 364 2687 licet.
402 2623 479 2705 Quo
497 2624 543 2699 fit,
567 2636 604 2688 ut
621 2627 665 2688 de
687 2625 727 2688 iis
752 2625 898 2687 nummis
922 2632 1061 2700 tantum·
1082 2624 1229 2685 dissera-

275 2779 359 2837 mus
386 2780 472 2840 quos
498 2760 574 2842 apis
599 2723 781 2822 simuiacro
805 2759 987 2840 insignitos
1011 2758 1045 2819 in
1065 2758 1229 2819 thesauro

274 2893 373 2974 regio
394 2893 604 2956 berolinensi
629 2902 664 2955 et
684 2893 832 2955 vidimus
857 2901 892 2954 et
916 2913 993 2954 cum
1017 2890 1229 2954 observatio-

276 3026 376 3090 nibus
401 3029 446 3089 ab
470 3027 655 3103 Eckhelio,
680 3028 753 3090 viro
778 3026 992 3100 doctissime,
1024 3027 1091 3088 hac
1119 3026 1162 3087 de
1191 3044 1229 3086 re

275 3161 375 3230 factis
399 3163 688 3244 comparavimus

303 3262 305 3270 Ι
341 3294 392 3357 Ea
419 3304 544 3368 autem,
572 3315 662 3376 quae
685 3293 896 3357 Menetreius
927 3297 962 3356 et
985 3292 1156 3356 Bellorius
1185 3294 1228 3353 de

275 3429 527 3512 significatione
560 3430 752 3511 symbolica
786 3428 862 3510 apis
894 3426 1074 3508 mellisque
1107 3425 1228 3486 attule-

275 3575 363 3638 runt,
375 3565 519 3645 indigna
531 3564 692 3627 videntur
705 3583 792 3634 esse,
806 3572 896 3644 quae
910 3568 1228 3632 commemorentur,
