3014 4522
498 621 738 682 4149*

207 800 330 882 Itaque
353 799 516 862 Aristaeo
540 799 610 860 mel
632 799 837 880 plerumque
862 796 1090 861 sacrificatum

140 953 218 996 esse
255 932 502 996 existimamus,
559 932 650 994 Illud
685 932 775 995 enim
810 951 946 995 sacrum
981 931 1105 1000 mellis¹

139 1068 263 1129 eadem
291 1068 437 1141 ratione,
470 1087 539 1148 qua
562 1067 704 1129 Baccho
734 1085 871 1129 sacrum
899 1063 969 1127 vini
996 1063 1091 1127 attri-

138 1202 258 1264 butum
282 1212 344 1275 est,
369 1202 414 1263 ad
438 1199 637 1262 Aristaeum
661 1199 841 1280 pertinuit:
867 1198 1092 1280 quamobrem

140 1332 286 1396 Ovidius
310 1335 434 1396 eodem
458 1353 571 1407 sensu,
595 1353 662 1415 quo
688 1332 814 1398 Graeci
839 1328 971 1412 ,γλαῦκ’
993 1327 1093 1410 Ἀθή-

138 1464 233 1550 ναζε,
256 1468 304 1531 ait
321 1469 379 1548 (ex
395 1468 506 1530 Ponto
522 1468 582 1541 IV,
602 1489 629 1541 2,
647 1468 695 1548 ol:
720 1465 813 1548 ‚Quis
834 1466 903 1529 mel
920 1464 1092 1539 Aristaeo

139 1602 215 1683 quis
238 1602 381 1664 Baccho
405 1601 485 1664 vina
508 1601 655 1664 Falerno
674 1651 680 1665 .
696 1649 724 1664 ..
751 1598 847 1662 det?’
874 1636 913 1645 —

206 1771 328 1853 Itaque
346 1771 565 1833 simulacrum
586 1770 662 1852 apis
683 1770 718 1832 in
735 1772 882 1834 nummis
900 1751 1098 1835 Carthaeae¹
1136 1751 1139 1754 ’
1164 1785 1165 1788 ’

140 1918 174 1971 et
197 1906 323 1979 Iulidis‚
353 1906 561 1988 oppidorum
585 1903 746 1977 Ceorum,
778 1914 921 1967 exstans
945 1905 991 1967 ad
1014 1904 1093 1967 Ari·

139 2050 274 2103 staeum
293 2039 476 2121 pertinere,
495 2049 599 2120 caput
616 2057 699 2100 vero
717 2057 801 2099 mox
811 2039 995 2101 barbatum
1011 2057 1094 2100 mox

139 2174 282 2236 inberbe
306 2173 340 2235 in
364 2173 487 2235 iisdem
510 2172 657 2234 nummis
681 2171 793 2253 ipsum
817 2170 1017 2234 Aristaeum
1041 2192 1093 2234 re-

139 2316 373 2388 praesentare,
408 2306 480 2369 iure
508 2306 700 2387 meritoque
729 2305 917 2368 Eckhelius
949 2305 1094 2369 coniecit

140 2442 184 2523 (v.
201 2442 309 2504 doctr.
325 2461 451 2504 numm.
469 2451 535 2502 vet.
552 2440 586 2502 Π
609 2461 642 2522 p.
662 2458 723 2518 327
739 2439 811 2521 sq.).
1111 2482 1137 2548 5

208 2612 365 2674 Eundem
393 2620 523 2683 autem,
555 2608 729 2690 Apollinis
756 2606 876 2681 filium,
911 2606 986 2669 Iovi
1018 2626 1093 2680 ave,

140 2767 244 2828 quem
266 2747 346 2809 olim
367 2766 454 2827 apes
474 2745 576 2807 melle
593 2744 759 2818 aluerunt,
781 2741 850 2804 mel
871 2739 1094 2813 sacrificasse,

139 2880 284 2943 Nonnus
309 2879 357 2942 ita
379 2879 485 2941 tradit
509 2879 665 2960 (Dionys.
684 2876 727 2951 V,
747 2896 783 2955 27
790 2875 838 2956 5):

219 3008 231 3030 s

183 3095 268 3123 .....
272 3044 341 3123 Διὸς
361 3043 497 3127 lupuleto
519 3042 652 3106 θυώδεα
674 3040 778 3126 βωμὸν
801 3035 936 3124 ἀνάψας,

183 3172 303 3259 Αἵματι
323 3171 459 3258 ταυρείῳ
481 3171 641 3257 γλυκερὴν
664 3171 841 3256 ἐπεχεύατο
863 3166 979 3254 λοιβὴν,

182 3305 320 3369 Ποικίλα
342 3304 515 3389 φοιταλὲης
537 3301 691 3388 ἐπιβώμια
714 3302 801 3386 δῶρα
823 3298 984 3382 μελίσσης,

183 3433 320 3518 Πλήσας
343 3430 427 3519 ἁβρὰ
448 3434 596 3497 κύπελλα
619 3428 812 3515 μελικράτου
833 3429 1053 3505 κυκεῶνας’....

208 3580 264 3643 Ac
281 3581 325 3642 de
342 3578 500 3650 Saturno,
525 3579 617 3641 Iovis
634 3586 744 3658 patre,
769 3575 866 3637 cuius
882 3571 1096 3652 temporibus
