3014 4522
643 634 861 696 ,μαψ

342 811 491 895 Propter
514 813 727 876 celeritatem
752 834 837 877 vero
861 815 1022 878 terribilis
1045 817 1146 880 huius
1170 839 1229 879 ve·

276 946 354 1008 neni
378 956 516 1009 veteres
545 947 648 1009 melle
672 946 818 1010 Pontico
849 949 892 1010 ad
918 949 1037 1011 hostes
1061 952 1230 1014 delendos

276 1081 470 1145 utebantur.
523 1080 565 1142 Id
600 1082 693 1163 quod
723 1081 767 1143 de
796 1081 989 1164 Byzeribus
1018 1080 1146 1147 Strabo
1182 1087 1230 1148 ita

276 1226 393 1279 narrat
418 1215 484 1298 (lib.
500 1215 585 1290 XII,
603 1216 652 1294 3lz

340 1345 387 1424 ,Οἱ
406 1345 439 1410 δὲ
454 1346 705 1429 Ἐπτακωμῆται
724 1353 804 1431 τρεῖς
819 1347 982 1432 Πομπηίου
1002 1347 1131 1434 στείρας
1149 1371 1231 1413 κατ-

276 1477 405 1564 έκοψαν,
427 1476 600 1565 διεξιοὺσας
622 1476 679 1562 τὴν
702 1477 827 1562 ὀρεινήν,
848 1475 1044 1562 κεράσαντες
1066 1486 1231 1565 κρατῆρας

276 1606 309 1670 ἑν
334 1613 406 1686 ταῖς
432 1605 511 1687 ὁδοῖς
537 1615 595 1673 τοῦ
621 1607 807 1692 μαινομένου
832 1608 972 1692 μέλιτος,
998 1608 1015 1673 δ’
1037 1610 1181 1694 φέρουσιν
1204 1610 1232 1675 οἱ

277 1731 445 1822 ἀκρεμόνας
464 1743 528 1802 τῶν
549 1737 693 1823 δένδρων·
720 1745 823 1802 πιοῦσι
842 1733 907 1823 γὰρ
929 1739 986 1803 καὶ
1004 1739 1231 1827 παρακόψασιν

276 1865 452 1951 ἐπιθέμενοι
473 1868 589 1952 ῥᾳδίως
611 1867 837 1952 διεχειρίσαντο
860 1867 933 1947 τοὺς
956 1863 1159 1953 ἀνθρώπους]

344 2014 422 2078 Hoc
439 2017 580 2097 quidem
604 2017 672 2078 mel
688 2015 891 2107 pestiferum
917 2025 951 2080 et
967 2017 1163 2099 perniciosa
1178 2018 1232 2080 vis

276 2149 387 2212 aculei
412 2170 515 2232 apem
535 2151 676 2214 terroris
699 2151 895 2234 symbolum
919 2151 1087 2225 reddidit;
1112 2161 1232 2214 contra

276 2287 345 2348 mel
372 2296 518 2369 propter
552 2285 760 2349 suavitatem
795 2273 892 2348 suam
929 2295 964 2348 et
992 2285 1232 2348 salubritatem

277 2457 318 2465 -
335 2432 373 2482 ut
388 2420 584 2483 videbimus
602 2458 643 2466 -
662 2420 767 2482 etiam
791 2439 919 2500 magno
944 2439 1052 2500 opere
1077 2420 1232 2481 celebra·

275 2556 387 2628 batur,
412 2555 501 2617 sicut
525 2565 643 2617 castae
668 2573 764 2635 apes
788 2574 878 2636 quae
900 2554 991 2615 hunc
1016 2573 1135 2615 sucum
1160 2553 1234 2615 dili·

277 2698 402 2770 genter
415 2688 600 2771 colligunt:
619 2707 726 2769 quare
744 2687 932 2768 ancipitem
945 2688 1120 2768 quandam
1135 2696 1233 2748 natu·

277 2842 351 2885 ram
368 2822 597 2906 symbolicam
620 2830 654 2883 et
674 2820 785 2882 mellis
807 2831 842 2883 et
859 2820 975 2901 apium
997 2822 1233 2882 observamus,

278 2957 377 3038 Apes
407 2955 513 3029 enim,
548 2976 627 3019 cum
655 2956 699 3017 ob
728 2955 848 3016 alveos
879 2955 1116 3016 redundantes
1144 2974 1235 3015 nova

278 3090 441 3153 examina
465 3089 500 3151 in
524 3089 674 3152 alienum
698 3089 812 3150 locum
830 3089 1014 3158 deducant,
1039 3087 1233 3169 symbolum

279 3243 417 3306 quoque
446 3223 657 3286 coloniarum
686 3222 838 3295 fuerunt;
870 3223 987 3302 itaque
1015 3221 1071 3283 via
1099 3220 1234 3281 illarum

279 3360 413 3440 apium,
453 3357 539 3421 alias
574 3358 796 3431 terribilium,
840 3358 964 3418 eadem
1002 3354 1065 3417 fuit
1100 3375 1141 3416 ac
1176 3354 1234 3415 via

280 3491 421 3554 humani
445 3492 556 3555 cultus
581 3490 771 3572 civilisque.

346 3623 530 3706 Quomodo
559 3635 673 3688 autem
699 3627 786 3688 haec
812 3623 1026 3705 comparatio
1056 3620 1149 3682 facta
1181 3620 1233 3692 sit,

1045 3727 1074 3793 5*
