3014 4522
525 627 766 688 *171*

167 802 398 866 Philostratus
422 823 515 878 ver0,
540 803 599 886 qui
622 803 769 866 fortasse
793 803 875 866 iilud
899 801 969 877 ,καὶ
990 800 1028 864 ἐκ
1048 800 1121 864 πτέ-

167 937 247 1017 ρών’
269 937 464 1000 Pausaniae
487 957 556 1000 non
585 958 647 1012 ‚ex
670 935 801 1020 apium'
830 938 893 1000 sed
921 956 984 1016 ,ex
1006 937 1121 1001 avium

167 1067 303 1150 pennis’
332 1069 529 1153 significare
552 1072 701 1153 putavit,
730 1071 870 1135 fabulae
894 1071 942 1134 illi
965 1091 1050 1135 aves
1073 1072 1122 1136 ita

167 1199 301 1265 affinxit
325 1204 395 1284 (vit.
413 1206 529 1288 Apoll.
542 1206 605 1280 VI,
621 1227 649 1270 c.
669 1205 735 1289 10):

231 1358 347 1444 ,ᾤκησε
368 1359 434 1447 γάρ
460 1384 536 1428 ποτε
561 1363 619 1428 καὶ
643 1363 735 1449 λιτὴν
758 1364 877 1449 στέγην
898 1363 915 1428 ὁ
936 1362 1012 1442 θεὸς
1035 1361 1123 1441 οὗτος

168 1493 321 1575 (Apollo)
344 1491 402 1556 καὶ
422 1492 551 1579 καλύβη
575 1493 664 1577 αὐτῷ
685 1490 892 1588 {ursmarus}
914 1489 1011 1577 μικρὰ
1033 1489 1065 1572 ἐς
1085 1491 1123 1576 ἣν

168 1622 396 1711 ξυμβαλὲσθαι
416 1623 569 1708 λέγονται
590 1624 739 1707 μέλιτται
760 1625 816 1707 μὲν
836 1623 940 1708 κηρόν,
966 1619 1067 1707 πτερὰ
1090 1622 1123 1687 δὲ

166 1752 304 1837 ι’ὗρνιθες.ι
358 1756 479 1838 Atque
513 1758 642 1820 ibidem
678 1756 753 1838 (VI,
771 1777 800 1821 c.
817 1757 867 1837 ιι)
902 1756 1123 1819 Ρλιθιηοῐιοόε

166 1910 305 1953 versum
328 1890 495 1973 legimus:

231 2058 417 2149 ,ξυμφέρετε
439 2059 539 2145 πτερά
566 2065 594 2124 τ’
617 2060 717 2127 οἰωνοὶ
741 2062 875 2146 imposte
896 2060 1059 2143 μέλιτται]

167 2235 210 2317 (v.
237 2235 393 2299 Creuzer.
418 2233 574 2317 Symbol.
591 2237 636 2310 ΙΙ,
656 2236 739 2316 538).
769 2274 805 2282 -

236 2393 346 2458 Simili
375 2405 490 2458 autem
519 2398 622 2458 modo
652 2417 737 2479 apes
762 2395 935 2460 Christum
965 2396 1122 2470 coluisse,

144 2529 307 2593 ·fabulae
337 2531 444 2592 multo
474 2530 684 2611 posteriores
713 2531 839 2593 docent
863 2531 906 2610 (v.
924 2529 1122 2593 Caesarium

170 2665 214 2726 ab
231 2663 473 2727 Heisterbaeh.
493 2664 572 2726 dial.
596 2664 786 2726 miracular.
812 2665 864 2726 ed.
883 2661 1045 2745 Strange,
1074 2663 1123 2724 di·

170 2797 283 2860 stinct.
297 2797 353 2860 IX
367 2799 410 2860 de
428 2816 572 2877 corpore
586 2796 712 2860 Christi
729 2817 756 2859 c.
773 2801 801 2860 8.
818 2833 859 2842 -
877 2796 972 2877 Aug.
987 2793 1122 2870 Stober,

168 2931 287 2993 elsass.
303 2929 475 3012 Sagenb.:
494 2931 589 3006 ,Drei
602 2914 733 2993 dhren’
750 2950 782 3011 p.
795 2934 845 2993 86.
872 2927 1016 2993 Strassb.
1029 2933 1121 3008 1842.

167 3101 209 3109 -
229 3062 379 3139 Grimm.,
399 3065 665 3127 Kindermiirch.
690 3064 822 3142 N⁰1o7.
843 3062 1010 3144 103·13¹)·
1036 3099 1073 3107 —

236 3225 352 3287 Aliam
377 3245 460 3287 vero
485 3228 607 3288 eadem
633 3227 677 3287 de
701 3245 739 3288 re
763 3223 915 3286 fabulam
931 3222 1121 3286 Pausanias

169 3359 250 3438 (1.1.)
272 3361 361 3422 hanc
382 3359 493 3422 addit:
523 3405 605 3433 .....
611 3355 745 3440 λέγεται
767 3353 878 3417 δὲκαὶ
899 3351 1003 3439 ἕτερος
1024 3352 1121 3437 λόγος

167 3486 211 3567 ὡς
232 3489 286 3554 τὸν
313 3488 387 3553 ναὸν
412 3487 683 3555 κατεσκευάσατο
709 3482 787 3571 ἀνὴρ
809 3488 941 3571 Δελφός,
967 3487 1066 3570 ὄνομα
1089 3486 1122 3551 δὲ

168 3618 258 3701 αὐτῷ
283 3619 408 3704 Πτερᾶν
439 3619 529 3686 εἶναι·
567 3615 658 3684 κατὰ
683 3626 778 3683 τοῦτο
806 3615 856 3682 οὑν
882 3616 1038 3704 γενέσθαι
1065 3615 1123 3681 καὶ
