3014 4522
743 582 984 646 ..f-1084

385 760 488 821 melle
509 779 713 841 comparare
737 761 877 842 placuit.
914 757 1014 841 Quae
1035 761 1248 843 comparatio
1271 761 1338 824 usi·

384 893 554 957 tatissima
577 893 650 957 fuit.
690 892 763 958 Sed
788 895 892 958 etiam
916 894 993 976 apis
1016 896 1051 958 in
1074 897 1256 977 poetarum
1279 914 1339 957 ore

384 1028 508 1090 sedere
533 1038 593 1091 aut
616 1048 722 1110 super
746 1040 852 1111 caput
875 1030 1023 1093 volitare
1047 1038 1171 1112 putata
1194 1039 1256 1094 est.
1299 1030 1340 1092 In

383 1160 599 1225 Christodori
635 1163 870 1245 descriptione
899 1162 1045 1227 Homeri
1080 1173 1216 1227 statuae
1251 1166 1340 1227 haec

383 1295 538 1359 feruntur
562 1295 792 1378 (Anthologia
815 1296 976 1360 Palatina
999 1297 1042 1373 II,
1061 1297 1155 1380 342):

448 1444 578 1532 Πιερική
602 1446 635 1509 δὲ
656 1445 796 1531 μέλισσα
818 1445 885 1531 περὶ
907 1447 1013 1529 στόμα
1035 1447 1122 1512 θεῖον
1144 1440 1250 1512 ἀλᾶτο

447 1576 561 1660 Κηρὶον
584 1571 740 1641 ὠδίνουσα
762 1576 972 1662 μελισταγές]
988 1615 1029 1624 -

384 1735 461 1818 Quo
481 1736 516 1799 in
538 1749 700 1819 poemate
717 1734 865 1849 S‘appho
889 1739 967 1819 ipsa
990 1758 1128 1820 quoque
1145 1738 1199 1801 his
1222 1737 1340 1800 verbis

385 1872 427 1952 (v.
446 1872 498 1953 69)
524 1872 601 1953 apis
624 1881 785 1934 vocatur:

426 2023 565 2109 ,Πιερική
588 2024 621 2088 δέ
644 2024 783 2108 μέλισσα
805 2024 977 2109 λιγύθροος
999 2021 1090 2112 έζετο
1110 2023 1233 2109 ’Σαπφώ

426 2152 570 2240 Λεσβιάς,
593 2151 807 2239 ἠγεμονούσα·
829 2155 923 2238 μέλος
945 2155 971 2218 δ’
993 2153 1120 2238 εύύμνον
1141 2152 1279 2238 ὑφαίνειν

426 2282 593 2367 σιγαλέαις
615 2284 780 2351 δοαεέσιιεν
803 2279 992 2371 ἀναψαμένη
1014 2284 1113 2369 φρένα
1134 2281 1292 2363 Μούσαις]

387 2445 485 2510 Sicut
509 2447 649 2529 (ibidem
673 2450 800 2531 v.1o8)
825 2452 869 2512 de
893 2450 1021 2513 Erinna
1045 2450 1210 2533 legimus:

425 2596 622 2682 ,Παρθενινὴ
645 2598 670 2661 δ’
686 2597 817 2683 Ἤριννα
838 2597 1011 2683 λιγύθροος
1033 2595 1124 2686 ἕζετο
1145 2597 1252 2682 κούρη,

427 2726 463 2790 ού
486 2726 574 2810 μίτον
597 2723 809 2812 ἀμφαφόωσα
830 2727 1036 2806 πολύπλοκον,
1060 2723 1135 2792 ἀλλ’
1158 2724 1201 2792 ένὶ
1223 2729 1299 2812 σιγῇ

425 2856 571 2941 Πιερικῆς
595 2855 809 2944 ῥαθάμιγγας
832 2852 1090 2922 ἀποσταλσίουσα
1112 2857 1282 2942 μελίσσης]

385 3018 499 3101 Quam
509 3021 680 3102 poetriam
696 3029 866 3084 mortuam
876 3020 1051 3085 Leonidas
1062 3021 1135 3102 (seu
1146 3020 1340 3103 Meleager)

381 3155 431 3218 ita
455 3155 609 3219 celebrat
634 3153 789 3237 (Anthol.
806 3155 917 3218 Palat.
936 3155 1015 3229 VII,
1036 3154 1104 3238 13):

447 3311 662 3401 ,Παρθενικὰν
684 3314 821 3381 νεάοιδον
843 3314 875 3381 έν
897 3315 1097 3400 ύμνοπέλασι
1118 3314 1274 3400 μέλισσαν

483 3446 639 3532 Ἤρινναν,
662 3447 799 3512 Μουσῶν
822 3443 928 3513 ἄνθεα
952 3447 1171 3533 δρεπτομέναν·

437 3573 552 3655 ίἈιδας
574 3576 615 3656 είς
637 3575 781 3660 ὑμέναιον
804 3571 1072 3663 ἀνάρπασεν....’,
1086 3614 1129 3624 -
