3014 4522
640 592 858 653 *16*

341 770 510 833 Aelianus
523 771 627 852 igitur
639 778 758 832 narrat
771 767 880 850 (Α.Η,
894 769 919 843 Ι,
928 768 995 848 58);
1012 761 1229 849 ,Ἁπεχθάνον-

274 922 330 965 ται
358 902 391 964 δὲ
417 897 481 985 ἄρα
505 899 539 964 αἱ
560 900 709 984 μέλιτται
733 899 900 983 κακοσμέᾳ
926 898 1029 986 πάσῃ,
1056 901 1113 964 καὶ
1140 899 1228 986 μύρῳ

274 1031 394 1114 ὁμοίως,
410 1031 483 1095 οὔτε
497 1031 535 1096 τὸ
551 1031 681 1111 δυςῶδες
696 1031 913 1114 ὑπομένουσαι,
928 1032 991 1097 οὐδ’
1008 1028 1231 1118 ἀσπαζόμεναι

274 1167 331 1244 τῆς
352 1160 484 1239 εὐωδίας
503 1162 541 1226 τὸ
558 1161 786 1246 τεθραμμένον·
808 1159 859 1226 οἷα
875 1161 978 1245 δήπου’
991 1162 1084 1246 κόραι
1104 1157 1231 1225 ἀστεῖαὶ

274 1312 311 1354 τε
333 1290 391 1354 καὶ
413 1291 579 1376 σώφρονες,
603 1292 641 1356 τὸ
663 1291 718 1376 μέν
740 1291 992 1378 βδελυττόμεναι,
1014 1298 1072 1375 τῆς
1092 1292 1126 1355 δὲ
1140 1291 1231 1376 ὑπερ-

275 1424 464 1505 φρονοῦσαι’
507 1424 628 1506 Atque
651 1424 780 1487 ibidem
802 1427 890 1488 haec
914 1426 1063 1506 legimus
1088 1425 1142 1507 (V,
1163 1425 1230 1505 11):

276 1553 354 1631 ,Βὶον
377 1552 410 1617 δὲ
431 1554 582 1637 καθαρὸν
603 1552 643 1641 ζῇ
664 1555 809 1640 μέλιττα,
831 1554 888 1619 καὶ
903 1552 988 1641 ζῴου
1007 1554 1067 1619 οὐκ
1087 1550 1126 1618 ἄν
1146 1553 1232 1618 οὐδε-

276 1683 325 1761 νὸς
350 1680 491 1748 τάσαιτέ
527 1705 617 1762 ποτε,
647 1683 705 1747 καὶ
730 1683 766 1748 οὒ
797 1684 897 1748 δεῖται
924 1682 1124 1769 Πυθαγόρου
1153 1705 1232 1769 συμ-

276 1810 393 1897 βούλου
415 1812 487 1877 otae
509 1810 553 1892 ἓν,
582 1810 709 1899 ἀπέχρη
733 1814 767 1877 δὲ
788 1810 854 1898 ἄρα
876 1820 961 1878 σῖτον
985 1813 1068 1897 αὐτῇ
1090 1810 1233 1878 εἶναιτὰ

277 1937 381 2026 ἄνθη]
835 1948 837 1951 ’

346 2094 461 2157 Etiam
484 2095 660 2158 Palladius
686 2094 721 2176 (Ι,
740 2110 790 2176 37,
808 2093 839 2175 4)
871 2095 986 2157 omnia
1015 2096 1130 2158 odoris
1154 2097 1233 2158 hor·

279 2228 379 2291 rendi
410 2231 454 2291 ab
482 2229 598 2310 apium
628 2229 749 2291 castris
777 2224 883 2309 longe
918 2230 1044 2291 abesse
1072 2229 1168 2292 iubet
1197 2237 1233 2290 et

278 2382 382 2445 porro
408 2362 478 2443 (IV,
500 2383 547 2441 15,
565 2361 596 2442 4)
633 2362 812 2425 custodem
841 2353 988 2424 alienum
1016 2365 1061 2426 ab
1085 2363 1173 2426 alliis
1198 2373 1234 2426 et

280 2496 367 2559 cibis
391 2497 528 2558 acribus
551 2505 586 2559 et
602 2497 766 2558 odoribus
790 2495 973 2557 immundis
997 2505 1108 2578 atque
1126 2496 1232 2559 omni·
1317 2520 1318 2524 ¹

279 2630 344 2692 bus
369 2631 586 2692 salsamentis
611 2650 697 2703 esse,
721 2649 765 2691 ne
786 2649 872 2710 apes
895 2628 1121 2704 offendantur,
1146 2650 1233 2712 quas

279 2782 385 2843 puras
424 2763 622 2845 nullamque
664 2784 803 2827 carnem
844 2758 1030 2845 tangentes
1067 2764 1233 2828 bestiolas

279 2896 453 2979 Didymus
475 2895 642 2980 (Geopon.
661 2898 717 2961 lib.
736 2897 820 2972 XV,
839 2919 866 2971 2,
886 2899 936 2980 22)
963 2898 1104 2961 summis
1123 2897 1233 2960 laudi·

197 3084 199 3089 ,
278 3031 344 3092 bus
369 3030 532 3094 celebrat.
554 3067 596 3076 —-

348 3169 386 3235 Si
411 3181 527 3242 autem
550 3174 585 3236 in
607 3174 729 3237 litteris
753 3174 882 3237 sanctis
907 3172 1079 3254 (Judicum
1099 3192 1125 3234 c.
1143 3171 1234 3234 XIV
1332 3229 1334 3236 .

280 3326 330 3367 vs
349 3305 380 3385 8)
413 3305 577 3389 scriptum
601 3309 774 3372 videmus:
811 3308 869 3383 ‚Et
897 3318 978 3390 post
1006 3309 1137 3389 aliquot
1160 3308 1235 3369 dies

280 3450 462 3502 revertens
479 3453 517 3504 ut
533 3443 710 3524 acciperet
726 3463 803 3504 eam
825 3440 1093 3524 (Philistinorum
1108 3441 1236 3521 filiam),

283 3574 483 3647 declinavit,
519 3587 555 3637 ut
584 3577 719 3638 videret
749 3578 900 3638 cadaver
929 3575 1038 3638 leonis
1063 3576 1177 3657 (quem
1201 3576 1235 3637 in
