3014 4522
536 621 776 685 *155*

180 804 222 883 (v.
240 803 384 884 DionyS.
402 800 541 882 Perieg.
558 821 589 862 v.
608 820 669 879 327
688 812 723 864 et
739 801 914 863 Avienum
931 802 1041 864 deser.
1059 803 1132 863 orb.

179 946 258 998 terr.
273 956 304 1000 v.
320 940 383 1014 468
399 936 493 1017 apud
502 934 664 998 Wernsd.
679 936 771 1015 poet.
784 935 840 999 lat.
855 935 934 996 min.
944 935 986 1007 V,
1004 955 1037 1016 p.
1051 935 1133 1015 193).

183 1106 220 1113 —
240 1067 317 1149 Quo
337 1090 383 1132 ex
399 1070 476 1131 loco
498 1069 567 1132 mel
588 1069 725 1131 omnino
743 1070 938 1152 symbolum
952 1069 1135 1152 Nympha·

178 1224 254 1266 rum
289 1223 367 1265 esse
408 1202 624 1285 Porphyrius
664 1204 812 1286 colligit,
853 1204 912 1286 qui
948 1204 1005 1285 (de
1034 1204 1134 1267 Antr.

180 1336 332 1418 Nymph.
348 1337 469 1419 XVII)
494 1338 560 1400 hae
586 1339 629 1399 de
652 1357 691 1400 re
715 1338 819 1420 plane
843 1339 891 1401 ita
915 1339 1070 1401 disserit:

244 1499 501 1586 ,Λαμβανομὲνου
522 1500 623 1566 τοίνυν
649 1501 707 1565 καὶ
734 1498 783 1565 ἐπὶ
804 1503 981 1587 καθαρμοῦ
1003 1510 1061 1567 τού
1082 1502 1136 1585 μὲ-

178 1633 266 1710 λιτος
294 1630 351 1695 καὶ
378 1631 427 1695 ἐπὶ
456 1637 591 1715 φυσικῆς
618 1632 785 1716 σηπεδόνος
810 1632 868 1697 καί
894 1629 942 1697 ἐπὶ
963 1630 1074 1717 ῆδονῆς
1096 1634 1137 1712 είς

179 1762 301 1846 γένεσιν
333 1766 549 1846 καταγωγῆς,
582 1762 692 1825 οἰκεῖον
725 1760 883 1846 σύμβολον
914 1762 971 1826 καὶ
1003 1762 1137 1846 νύμφαις

179 1889 303 1976 ύδριάσι
334 1891 553 1975 παρατίθεται
586 1893 627 1970 είς
657 1892 695 1958 τὸ
728 1887 872 1975 ἄσηπτον
904 1897 968 1956 τῶν
1002 1891 1137 1970 ὑδάτων,

179 2022 220 2085 ῶν
247 2020 464 2099 ἑπιστατούσι,
497 2021 554 2085 καὶ
582 2021 640 2105 τῆν
670 2019 833 2106 κάθαρσιν
861 2021 968 2087 αύτῶν
996 2022 1054 2117 καὶ
1078 2022 1136 2107 τῆν

180 2155 222 2232 εἰς
243 2155 363 2238 γένεσιν
387 2155 567 2238 συνεργίαν·
591 2159 733 2237 συνεργεῖ
752 2148 818 2237 γὰρ
839 2152 960 2237 γενέσει
981 2150 1019 2218 τδ
1040 2151 1136 2237 ύδωρ·

179 2284 226 2348 διδ
253 2284 310 2348 καὶ
338 2283 370 2347 ἑν
398 2292 462 2364 τοῖς
491 2289 649 2369 κρατῆρσι
674 2283 732 2348 καὶ
759 2279 935 2367 άμφορεύσι
960 2281 1137 2368 τιθαιβώσ-

180 2435 272 2478 σουσι
299 2413 457 2497 μέλισσαι.
507 2415 578 2477 Τῶν
605 2412 660 2497 μὲν
690 2412 859 2497 κρατήρων
889 2411 1045 2498 σύμβολον
1070 2417 1135 2475 τῶν

178 2549 291 2628 πηγῶν
324 2546 495 2629 φεράντων’
513 2594 519 2607 .
535 2594 541 2607 .
557 2594 586 2606 ..
635 2546 752 2628 Atque
783 2546 876 2608 idern
908 2554 1041 2619 auctor,
1077 2565 1137 2607 eur

179 2683 423 2765 Nympharum
458 2682 593 2758 animae
638 2676 789 2759 μέλισσαι
828 2681 1027 2762 appellatae
1061 2679 1136 2752 sint,

179 2819 246 2879 hoc
275 2818 378 2879 modo
408 2817 574 2896 explanat
599 2815 664 2894 (ll.
682 2814 835 2894 XVIIU:
869 2809 993 2894 ,Πηγαὶ
1020 2809 1055 2872 δὲ
1080 2807 1137 2908 καὶ

178 2944 312 3030 νάματα
345 2948 444 3011 οἰκεῖα
476 2953 547 3024 ταῖς
584 2941 706 3028 ύδριάσι
738 2943 885 3028 νύμφαις·
928 2943 985 3007 καὶ
1019 2942 1065 3006 ἔτι
1097 2963 1137 3027 γε

179 3077 306 3159 μᾶλλον
334 3075 469 3160 νύμφαις
495 3081 565 3153 ταῖς
593 3074 723 3162 ψυχαῖς·
761 3069 800 3153 ἃς
825 3074 908 3153 ἰδίως
928 3074 1088 3157 μελίσσας
1109 3075 1137 3137 οἱ

179 3206 312 3271 παλαιοὶ
334 3203 478 3282 ἐκάλουν,
500 3201 610 3288 ἡδονῆς
632 3204 729 3283 ούσας
752 3202 955 3290 ἑργαστικάς.
985 3203 1061 3268 ὅθεν
1080 3203 1137 3267 καὶ

178 3337 376 3420 ὁΣοφοκλῆς
399 3339 510 3422 (frgm.
530 3344 591 3419 693
611 3340 663 3401 ed.
682 3338 870 3419 Hermann)
893 3333 951 3399 ούκ
977 3328 1137 3411 άνοικείως

179 3471 229 3535 ἐπὶ
255 3476 318 3535 τῶν
346 3471 458 3558 ψυχῶν
481 3468 554 3553 ἔφη·

244 3614 373 3701 ,Βομβεῖ
400 3615 434 3678 δὲ
460 3619 575 3698 νεκρῶν
604 3618 733 3696 σμῆνος·
773 3610 903 3698 ἔρχεταί
928 3617 956 3676 τ’
979 3608 1066 3695 άλλη
1082 3616 1135 3675 ...’
