3014 4522
507 601 727 667 ΜΗ

139 789 279 853 verant;
315 778 344 841 si
371 779 511 862 quidem
540 801 618 845 cum
642 782 933 847 Drakenborchio
956 803 1095 847 versum

140 910 202 976 Sili
224 913 336 976 Italici
360 913 468 996 (VIII,
485 914 560 996 637)
585 915 633 980 ita
656 916 825 999 legimus:

247 1061 280 1144 ,(.
296 1061 413 1125 ...Ut
434 1072 576 1127 ventum
601 1066 647 1126 ad
669 1064 870 1129 Cannas...
894 1085 980 1130 nec,
997 1065 1057 1146 ...)

185 1193 259 1257 Nec
282 1198 412 1260 densae
433 1197 578 1280 trepidis
600 1198 717 1282 apium
739 1199 876 1282 (vulgo:
898 1199 1035 1281 absunt)
1058 1219 1096 1261 se

740 1332 918 1397 involvere
940 1336 1051 1396 nubes

186 1433 373 1499 Cessarunt
396 1437 520 1519 aquilis
534 1487 541 1501 .
555 1488 562 1502 .
576 1487 584 1502 .
597 1442 615 1502 .’
630 1477 672 1484 -

209 1581 356 1646 Duobus
380 1584 479 1647 annis
494 1600 576 1667 post
591 1587 773 1650 Romanos
798 1588 958 1651 examine
980 1589 1096 1670 apium

142 1717 246 1779 valde
266 1719 469 1800 perterritos
494 1739 583 1796 esse,
606 1721 725 1784 Livius
747 1722 795 1785 ita
815 1721 921 1786 refert
946 1722 1096 1805 (XXIV,

147 1851 215 1932 10):
241 1850 340 1933 ,Quin
356 1853 495 1917 Romae
516 1875 654 1938 quoque
675 1855 708 1916 in
730 1855 808 1936 ipsa
827 1858 913 1919 urbe
939 1857 1009 1938 (ubi
1029 1876 1098 1917 non

142 2007 220 2050 curn
236 1967 529 2052 Weissenbornio¹
547 1989 701 2063 ironiam,
726 1989 788 2052 sed
811 2010 929 2051 veram
951 1989 1097 2052 admira·

142 2122 270 2185 tionem
287 2122 522 2206 intelligimus)
547 2124 737 2186 secundum
761 2144 865 2205 apum
890 2143 1040 2186 examen
1063 2123 1097 2186 in

141 2254 215 2319 foro
237 2257 349 2319 visum
376 2257 411 2304 -—'
440 2258 533 2339 quod
557 2257 714 2320 mirabile
738 2267 792 2320 est
813 2257 893 2340 quia
917 2278 1030 2320 rarum
1056 2294 1094 2302 -

143 2388 368 2454 adfirmantes
384 2391 524 2474 quidam
539 2392 698 2475 legiones
720 2413 759 2454 se
783 2401 933 2454 armatas
958 2392 991 2454 in
1008 2391 1097 2454 Iani·

144 2525 221 2587 culo
237 2525 359 2588 videre
381 2525 643 2590 concitaverunt
667 2526 842 2589 civitatem
866 2528 911 2589 ad
933 2547 1097 2590 arma....
1147 2515 1150 2519 ’

143 2657 242 2722 Haec
265 2659 429 2742 prodigia
452 2659 573 2722 hostiis
601 2659 787 2722 maioribus
810 2673 997 2742 procurata
1020 2671 1099 2723 sunt

144 2813 189 2855 ex
205 2794 428 2876 haruspicum
444 2814 622 2878 respons0,
646 2804 681 2857 et
707 2794 916 2877 supplicatio
940 2795 1098 2857 omnibus

143 2929 231 3003 deis,
260 2948 406 3011 quorum
429 2929 624 3011 pulvinaria
648 2929 786 2992 Rornae
810 2939 941 3005 essent,
969 2930 1100 2992 indicta

143 3061 220 3127 est’.
246 3099 288 3107 -
313 3062 433 3145 Atque
457 3062 490 3125 in
519 3064 643 3126 eodem
671 3073 813 3127 auctore
837 3065 925 3126 haec
950 3063 1099 3144 legimus

143 3196 313 3279 (XXVII,
332 3196 404 3279 23):
440 3197 637 3272 ,Praetores
661 3196 695 3259 in
719 3198 918 3279 provincias
942 3195 1099 3279 profecti,

144 3330 204 3413 (A0
218 3329 362 3394 CCVIII
385 3352 417 3394 a.
431 3330 509 3394 Chr.
523 3353 554 3395 n.
579 3332 749 3394 Romanis
773 3330 910 3412 infelici)
940 3330 1099 3393 consules

142 3466 267 3548 religio
293 3468 446 3544 tenebat,
472 3468 565 3548 quod
587 3467 757 3548 prodigiis
782 3467 913 3546 aliquot
936 3464 1100 3526 nuntiatis

141 3621 209 3663 non
232 3599 336 3663 facile
359 3599 529 3664 litabant’.
