3014 4522
532 613 749 677 ἰι-894,

340 791 554 865 ,distendunt
576 801 718 855 nectare
744 794 873 858 cellas'.
900 833 940 842 -

165 923 244 1006 Qua
266 925 400 989 ratione
432 933 467 987 et
489 924 692 1006 Antiphilus
715 928 821 1008 poeta
849 928 907 991 ille
931 930 1119 1011 Byzantius

166 1060 284 1141 (Anth.
302 1059 367 1138 IX,
389 1081 427 1140 29
445 1081 477 1142 p.
494 1059 569 1143 404)
594 1060 663 1122 mel
685 1056 816 1141 ,νέκταρ
832 1053 989 1143 ἀνθέριον’
1011 1063 1118 1126 nomi·

165 1205 242 1257 nat:
268 1204 303 1258 et
325 1193 495 1257 Martialis
520 1194 638 1258 scribit
663 1194 770 1275 (XIII,
789 1196 877 1277 104):

211 1341 305 1415 ,Hoc
328 1340 391 1403 tibi
413 1341 541 1404 Thesei
566 1341 768 1422 populatrix
792 1342 894 1405 mittit
916 1343 1074 1425 Hymetti

254 1475 407 1538 Palladis
432 1496 453 1537 a
477 1474 572 1536 silvis
595 1475 710 1537 nobile
734 1484 855 1538 nectar
878 1476 975 1558 apis'

774 1609 815 1690 (v.
833 1609 914 1673 ibid.
932 1609 991 1683 IV,
1010 1609 1072 1690 32.)

231 1740 305 1806 Sed
329 1745 395 1806 hac
420 1744 464 1805 de
488 1764 525 1806 re
549 1744 688 1825 longius
713 1744 970 1820 dissereremus
995 1745 1024 1807 si
1047 1763 1118 1806 om-

165 1898 228 1940 nes
260 1878 369 1951 ΙΟοοε,
405 1878 464 1940 ubi
498 1878 568 1938 mel
601 1897 678 1939 cum
713 1888 854 1941 nectare
890 1886 1119 1959 comparatur,

167 2030 456 2074 enumeraremus.
506 2009 608 2074 Certe
637 2011 776 2092 quidem
804 2032 824 2074 e
852 2012 936 2074 locis
970 2012 1119 2074 laudatis

165 2146 234 2208 iam
257 2145 404 2228 intelligi
425 2155 550 2226 potest,
575 2144 806 2227 Porphyrium
830 2145 902 2208 iure
927 2145 1118 2225 meritoque

166 2280 253 2342 haec
277 2279 458 2360 scripsisse
483 2278 527 2360 (d.
544 2277 588 2340 A.
602 2277 642 2340 N.
661 2278 727 2359 16):

229 2409 323 2488 ,Τινὲς
353 2407 457 2497 ἠξίουν
483 2408 521 2473 τὸ
552 2407 669 2492 νέκταρ
695 2409 752 2472 καὶ
777 2407 835 2493 τὴν
866 2404 1053 2494 ἀμβροσίαν,
1082 2406 1120 2492 ἣν

164 2535 255 2604 κατὰ
278 2539 368 2623 ῥινῶν
391 2537 504 2626 στάζει
523 2539 540 2603 ὁ
559 2537 688 2623 ποιητὴς
712 2542 754 2624 (ν,
772 2543 872 2605 Hom.
890 2544 927 2606 Il.
946 2542 1049 2616 XIX,
1069 2546 1119 2620 38,

166 2696 233 2758 quo
258 2677 301 2739 de
326 2676 404 2738 loco
433 2675 521 2739 infra
549 2678 685 2758 planius
710 2678 950 2740 disserendum
979 2677 1053 2756 erit)
1080 2673 1120 2751 εἰς

165 2806 202 2871 τὸ
223 2805 266 2891 μὴ
287 2811 428 2890 σαπῆναι
450 2802 510 2885 τὰς
531 2807 740 2891 τεθνηκότας,
761 2807 800 2872 τὸ
819 2806 891 2890 μέλι
911 2805 1119 2892 ἐκδέχεσθαι·

166 2937 251 3000 θεῶν
280 2940 399 3021 τροφῆς
427 2935 514 3016 ὄντος
541 2944 598 3002 τοῦ
627 2937 765 3021 μέλιτος·
799 2937 926 3003 διὸκαὶ
958 2937 1036 3021 φησί
1061 2958 1120 3001 που

166 3069 304 3154 (Odyss.
318 3069 361 3144 V,
379 3069 432 3151 93)
460 3067 577 3152 νέκταρ
604 3067 751 3152 ἐρυθρόν·
784 3074 925 3132 τοιοῦτον
951 3062 1017 3151 γὰρ
1044 3063 1121 3129 εἶναι

165 3203 260 3284 χροιᾷ
278 3199 316 3265 τὸ
338 3198 426 3283 μέλι]
442 3239 482 3247 -

231 3332 389 3415 Iuppiter
429 3335 523 3415 ipse,
566 3346 691 3417 postea
739 3343 855 3417 ‚pater
901 3335 1119 3415 omnipotens

166 3465 328 3530 Aether'.
347 3467 388 3549 (v.
406 3467 516 3550 Verg.
533 3467 663 3551 Georg.
681 3470 723 3545 II,
743 3488 822 3548 325;
847 3468 936 3530 Aen.
957 3466 1040 3538 XII,
1060 3487 1119 3544 140

167 3602 307 3665 secund.
355 3600 527 3685 Aeschyli
571 3601 694 3686 fragm.
736 3602 826 3682 345),
877 3610 959 3664 tunc
1008 3598 1119 3663 infans
