3014 4522
547 637 604 671 -s-
641 613 702 677 109
728 638 792 674 ,ψ

191 792 309 874 Atque
333 791 568 874 Asclepiades
599 793 642 854 de
675 791 832 854 eiusdem
855 793 1015 856 versibus
1045 802 1080 856 et
1104 796 1147 856 de

193 947 235 988 ea
258 927 335 1008 ipsa
359 938 494 990 mortua
517 926 566 989 ait
592 925 683 1008 (ibid.
701 925 781 1002 VII,
802 930 868 1005 12):

256 1086 540 1172 ...λοχευομένην
564 1108 601 1151 σε
623 1088 859 1171 μελισσοτόκιινν
882 1085 940 1171 έαρ
961 1084 1064 1170 ὕμνων

254 1215 377 1300 ἤλασεν
399 1217 441 1296 εἰς
462 1216 687 1301 Ἀχέροντα...
709 1217 877 1301 Μοῖρα...’
893 1255 934 1263 —

191 1380 248 1442 Ac
271 1382 376 1463 pobta
400 1382 540 1463 quidam
564 1383 715 1444 incertus
740 1380 895 1443 eiusdem
919 1382 963 1443 de
987 1381 1145 1444 versibus

193 1512 310 1577 scribit
335 1515 426 1596 (ibid.
444 1515 509 1590 IX,
527 1516 617 1597 190):

255 1675 396 1762 ,Λέσβιον
418 1677 555 1762 Ἠρὶννης
577 1677 650 1741 τόδε
671 1677 790 1761 κηρίον·
813 1678 839 1741 εἰ
861 1677 894 1741 δέ
916 1697 953 1740 τε
974 1679 1089 1762 μικρὸν,

297 1801 373 1870 ἀλλ’
395 1805 468 1873 ὅλον
490 1805 521 1874 ἐν
544 1808 680 1872 Μουσῶν
701 1804 880 1891 κιρνάμενον
902 1808 1021 1891 μέλιτι]
1037 1846 1078 1853 -

192 1975 356 2040 Similiter
391 1987 506 2040 autam
536 1988 642 2060 atque
671 1977 799 2040 Erinna
823 1977 1042 2059 Phrynichus
1078 1977 1144 2040 hoe

191 2110 268 2173 loco
297 2111 545 2193 Aristophanis
577 2112 686 2194 (Aves
710 2129 725 2190 7
732 2111 801 2193 5o):
844 2107 963 2185 ,Ἔνθεν
984 2105 1097 2191 ’ὥσπερ
1124 2104 1145 2191 ἡ

191 2241 328 2323 μέλιττα
354 2281 394 2287 -
423 2241 581 2326 Φρύνιχος
608 2235 787 2326 ἀμβροσίων
814 2279 853 2285 --
875 2240 1007 2304 Μελέων
1032 2236 1145 2327 ἀπεβό-

191 2392 288 2434 σκετο
309 2371 429 2455 καρπὸν
452 2367 502 2435 ἀεὶ
523 2410 563 2417 -
583 2369 696 2454 Φέρων
717 2370 870 2454 γλυκεῖαν
894 2364 1044 2454 ὠδήν’...
1067 2395 1144 2436 cum

191 2529 259 2589 ape
284 2518 512 2591 comparatur.
539 2545 580 2552 —

259 2661 489 2724 Philostratus
512 2681 595 2723 vero
613 2661 657 2721 de
675 2656 863 2740 Sophocle,
888 2659 945 2740 qui
962 2680 983 2721 a
999 2657 1144 2723 Simmia

192 2795 344 2876 (Anthol.
364 2794 436 2857 Pal.
454 2795 531 2868 VII,
552 2795 603 2877 22)
632 2789 649 2853 ὁ
677 2790 825 2873 μελιχρὸς
854 2803 1013 2867 vocatur,
1038 2793 1143 2875 vulgo

191 2940 307 2992 autem
332 2931 374 3012 (ν.
395 2927 539 2992 Suidam
561 2929 646 3013 sn.)
670 2923 974 3010 ,προςαγορεὺθη...
997 2923 1144 2987 Μέλιττα

190 3055 242 3122 διὰ
263 3060 301 3125 τὸ
323 3059 450 3145 γλυκέ’,
485 3064 575 3126 hanc
607 3064 796 3145 imaginem
829 3062 1056 3145 symbolicam
1085 3062 1144 3124 de·

190 3197 304 3279 pingit
328 3197 449 3280 (Imag.
466 3196 557 3258 XIII
574 3194 768 3279 Sophocl.):

254 3344 356 3429 ,Ὁρᾶς
368 3395 374 3408 .
387 3394 393 3407 .
406 3395 432 3408 ..
454 3340 590 3423 καὶτὰς
611 3342 764 3427 μελίττας
787 3339 829 3422 ὡς
851 3340 1074 3427 ὑπερπέτονταί
1096 3364 1145 3406 σοι

188 3475 245 3538 καὶ
267 3473 432 3560 βομβοῠσιν
453 3471 512 3557 ἡδύ
534 3496 565 3538 τι
586 3472 644 3537 καὶ
665 3474 765 3550 θεῖον,
791 3469 1001 3558 ἐπιλεὶβουοαι
1023 3472 1144 3556 σταγό-

189 3626 246 3682 νας
274 3600 469 3689 ἀπορῤἠτους
496 3610 554 3688 τῆς
580 3603 696 3681 οἰκείας
723 3603 848 3688 δρόσου·
880 3602 969 3666 τουτὶ
994 3599 1059 3687 γὰρ
1088 3601 1145 3665 καὶ
