3014 4522
525 585 764 648 *105*

164 759 223 823 vit.
271 757 374 824 Certe
404 762 543 843 quidem
572 760 748 844 Origines,
785 763 813 826 si
841 764 1031 839 Athenaei,
1060 765 1118 847 qui

165 895 288 958 eodem
324 906 494 978 temporev
517 896 648 975 floruit,
683 899 792 963 verba
828 898 1006 981 (Deipnos.
1023 899 1117 974 VIII,

165 1048 198 1108 p.
217 1048 233 1106 3
239 1027 290 1109 52)
318 1027 361 1103 ,οἱ
382 1021 546 1111 ἄνθρωποι
572 1024 703 1112 ἥσσονες
730 1031 888 1113 μελισσῶν
914 1028 981 1097 καὶ,
994 1030 1120 1115 πλήρεις

165 1158 302 1243 οἰήσεως,
325 1157 368 1241 ὡς
390 1158 506 1227 ἐνεῖναι
527 1163 674 1247 μέλιτος·
693 1170 850 1251 legisset,
879 1168 983 1232 etiam
1006 1169 1120 1251 magis

164 1298 271 1362 iratus
294 1298 426 1365 fuisset.

236 1432 335 1515 Apes
352 1433 457 1516 igitur
478 1436 664 1518 sapientes
685 1435 863 1499 Musarum
879 1436 1047 1511 volucres,
1064 1437 1122 1499 vel

171 1566 295 1629 Musae
326 1566 440 1650 ipsae,
471 1569 603 1650 pueris,
631 1579 670 1633 ut
692 1569 892 1653 philosophi
914 1570 971 1632 vel
994 1570 1120 1651 poetae

168 1698 304 1777 fierent,
339 1703 409 1765 mel
442 1703 659 1784 eloquentiae
694 1703 847 1785 artisque
881 1703 1041 1784 poeticae
1071 1703 1120 1764 in·

168 1835 296 1899 stillare
331 1839 551 1919 putabantur„
603 1833 836 1916 Quamobrem
870 1835 1019 1899 mellitas
1047 1837 1121 1899 alas

169 1970 375 2033 carminibus
408 1970 605 2033 tribuebant
638 1978 765 2052 poetae
797 1970 904 2033 adlati
935 1970 979 2032 ab
1010 1969 1121 2032 Athe·

170 2122 267 2178 nae0‚
292 2104 348 2185 qui
375 2104 552 2186 (Deipnos.
575 2103 676 2178 XIV,
695 2122 746 2185 33,
767 2124 800 2185 p.
818 2104 894 2187 633)
918 2105 1006 2167 haec
1022 2123 1121 2189 ¹com·

169 2246 353 2300 memorat:

233 2365 280 2445 ‚Oi
301 2367 428 2451 ποιηταὶ
455 2368 611 2433 διετέλουν
632 2366 911 2452 προςαγορεύοντες
937 2364 1037 2446 οὕτως
1063 2361 1124 2446 τὰς

171 2495 269 2581 ᾠδάς·
299 2496 514 2584 γλυκυτάτων
535 2497 682 2582 πρύτανιν
703 2495 806 2581 ὕμνων
828 2497 885 2561 καὶ
907 2495 1007 2580 μέλεα
1037 2498 1123 2580 μελι-

170 2628 319 2712 πτέρωτα
347 2629 495 2693 Μουσᾶν]
529 2667 570 2674 —-
607 2629 684 2712 Quo
720 2632 823 2693 modo
859 2624 953 2710 μέλος
986 2641 1021 2693 et
1053 2625 1124 2710 μὲλι
1169 2692 1171 2697 ,

171 2767 245 2829 sive
283 2767 381 2830 verbi
427 2766 680 2849 explanationis
720 2765 794 2828 sive
837 2765 1123 2828 annominationis

170 2920 276 2963 causa
300 2921 407 2982 saepe
431 2901 613 2964 coniuncta
637 2899 839 2963 invenimus.

235 3034 359 3116 Itaque
382 3034 587 3098 Theocritus
612 3036 655 3097 de
680 3033 818 3097 merulis
848 3032 967 3097 scribit
991 3032 1121 3116 (Epigr²

168 3167 229 3243 IV,
247 3168 315 3251 12):

232 3298 435 3377 ,Μέλπουσαι
463 3300 618 3383 στόμασιν
643 3292 705 3363 τὰν
732 3296 903 3382 μελίγηρυν
933 3294 1012 3360 ὄπα]
1057 3300 1124 3363 Ibi·

171 3437 319 3518 demque
344 3436 404 3519 (Id.
420 3437 515 3512 VIII,
533 3436 586 3518 83)
617 3435 796 3517 caprarius
820 3434 997 3519 Daphnim
1026 3455 1125 3498 suum

170 3569 219 3632 ita
243 3568 444 3652 alloquitur:
