3014 4522
430 622 436 634 '
541 607 780 671 *119*

183 786 269 860 lieh;
286 785 356 847 und
373 805 434 847 aus
452 786 531 848 dem
543 785 736 849 Bestreben
755 786 817 847 der
830 782 960 858 Giitter‚
977 793 1132 846 nament-

183 918 252 982 lich
269 917 388 994 odins,
411 919 486 982 sich
502 919 562 980 ihn
577 917 707 982 wieder
723 939 764 982 zu
779 917 1007 994 verschaffen‚
1027 920 1132 981 nach·

184 1054 263 1116 dem
292 1073 330 1116 er
356 1053 391 1114 in
420 1051 475 1116 die
499 1053 624 1116 Hinde
654 1055 717 1117 der
741 1053 884 1136 Zwerge
907 1053 977 1115 und
999 1053 1133 1116 Riesen

184 1187 353 1269 gerathen
381 1208 468 1262 war,
499 1186 637 1270 ergiebt
666 1187 741 1250 sich
768 1187 862 1250 seine
886 1186 1050 1249 Identitiit
1072 1186 1134 1249 mit
1190 1188 1193 1193 ’

184 1320 314 1396 amrita,
340 1322 513 1385 ambrosia
534 1324 606 1387 und
624 1325 753 1387 nectar’
775 1325 817 1406 (ν.
833 1323 914 1385 ibid.
935 1345 969 1405 p.
987 1320 1073 1405 659).
1090 1359 1132 1369 -

250 1453 322 1517 Mel
346 1475 443 1530 vero,
467 1457 523 1520 cui
550 1457 603 1520 his
631 1457 666 1520 in
689 1457 814 1521 fabulis
843 1466 941 1521 tanta
962 1455 1015 1518 vis
1043 1476 1132 1539 sym·

182 1588 297 1652 bolica
320 1588 511 1666 ascribitur,
539 1592 630 1678 hunc
654 1592 700 1655 ad
721 1593 835 1655 locum
859 1573 1049 1654 ascendere
1071 1610 1132 1672 po·

184 1723 249 1786 tuit
271 1723 399 1786 nullam
423 1723 526 1786 aliam
549 1726 594 1788 ob
618 1745 759 1788 causam
783 1725 847 1788 nisi
868 1725 961 1807 quod
984 1723 1132 1788 infantes

183 1856 395 1922 Graecorum
419 1867 454 1921 et
468 1857 707 1920 Romanorum
731 1866 767 1920 et
787 1856 1036 1922 Germanorum
1059 1858 1131 1940 ple·

182 2011 326 2073 rumque
354 2009 422 2052 non
451 1990 562 2053 solum
588 1991 678 2055 lacte
707 1992 770 2054 sed
800 1990 903 2054 etiam
931 1991 1033 2054 melle
1063 1992 1131 2054 ale·

182 2126 314 2188 bantur.
353 2160 393 2168 -—
429 2123 555 2186 Nutrix
591 2123 680 2204 enim
715 2124 836 2187 infanti
870 2125 986 2189 favum
1021 2126 1131 2189 mellis

182 2258 297 2332 dabat,
320 2277 364 2320 ne
381 2257 563 2332 clamaret;
588 2258 617 2320 si
633 2257 861 2340 Aristophani
877 2259 1056 2333 credimus
1073 2261 1131 2340 qui

182 2392 331 2475 (Thesm.
352 2410 426 2469 511.
445 2391 519 2473 512)
543 2400 678 2455 narrat:

275 2530 329 2608 ,Τὸ
350 2530 375 2594 δ’
398 2530 533 2615 εἱςὲφερε
553 2535 654 2616 γραῦς
676 2527 709 2595 ἐν
729 2529 838 2616 χύτρᾳ
859 2529 897 2596 τὸ
918 2530 1036 2596 παιδίον

266 2658 339 2725 Ἵνα
360 2658 405 2744 μὴ
427 2659 512 2746 {ioum
533 2659 633 2745 κηρίῳ
654 2659 857 2747 βεβυσμένον]

180 2794 299 2877 Atque
337 2802 484 2891 aegroto
522 2814 661 2876 quoque
704 2794 824 2857 infanti
862 2803 1025 2877 parentes
1063 2795 1131 2856 mel

182 2929 326 3004 dabant,
355 2936 393 2991 ut
417 2928 461 2990 de
484 2927 698 3009 Triptolemo
722 2927 815 3011 apud
839 2925 1000 2991 Ovidium
1024 2927 1063 3010 (F
1065 2938 1128 2994 ast.

181 3063 242 3140 IV,
260 3082 332 3144 545.
352 3064 426 3146 546)
450 3063 498 3127 ita
520 3063 686 3146 legimus:

246 3198 348 3275 ,Mox
379 3199 501 3282 epulas
531 3196 676 3282 ponunt'
708 3195 921 3281 (Triptolemi
947 3194 1129 3279 parentes),
1187 3187 1191 3197 ’

612 3330 799 3414 liquefacta
823 3330 971 3414 coagula
994 3330 1084 3393 lacte

298 3467 476 3550 Pomaque
500 3475 536 3530 et
558 3467 592 3531 in
615 3465 743 3529 teneris
766 3484 871 3528 aurea
894 3464 997 3527 mella
1019 3461 1128 3528 favis!

178 3602 376 3667 Amazones
405 3613 520 3666 autem
547 3601 696 3665 infantes
723 3600 825 3663 melle
848 3599 882 3662 in
906 3597 1128 3662 arundinibus
