3014 4522
766 565 984 626 *96⁴-

398 743 473 803 leus
503 751 537 803 et
567 741 737 804 Cerberus
766 751 800 803 et
829 741 1001 823 Aegolius
1030 742 1098 804 hoc
1133 751 1282 815 antrum,
1317 750 1355 803 ut

399 876 467 938 mel
484 875 666 951 auferrent,
683 877 833 939 inierunt
849 884 884 937 et
900 897 921 938 a
937 875 1021 938 Iove
1038 875 1126 937 irato
1144 875 1179 937 in
1195 877 1355 939 volucres

399 1010 558 1073 conversi
582 1023 669 1073 sunt.
693 1047 737 1056 -

467 1143 578 1207 Simili
598 1155 713 1207 autem
737 1147 840 1206 modo
865 1153 971 1227 atque
994 1145 1161 1226 Iuppiter,
1184 1110 1355 1217 BaechuS,

400 1279 472 1341 eius
502 1279 803 1360 Proserpinaeque
831 1277 936 1353 filius,
970 1300 991 1340 a
1014 1279 1173 1341 Macride
1201 1277 1357 1339 Aristaei

399 1411 468 1473 filia
492 1411 593 1473 melle
618 1413 708 1474 altus
732 1422 803 1474 est:
833 1413 981 1494 primum
1009 1411 1044 1473 in
1069 1419 1167 1473 antro
1192 1409 1355 1483 Euboico,

402 1545 542 1619 deinde,
571 1555 757 1626 postquam
781 1546 880 1620 Iuno,
911 1546 965 1608 cui
988 1546 1133 1607 Euboea
1161 1563 1262 1605 sacra
1284 1542 1356 1616 fuit,

399 1680 517 1741 invida
547 1679 641 1741 illam
670 1679 814 1759 expulit,
846 1679 881 1741 in
909 1679 1094 1741 Phaeacia.
1146 1674 1259 1757 Quam
1283 1695 1355 1740 rem

400 1812 608 1893 Apollonius
631 1813 803 1886 Rhodius,
827 1813 886 1897 ubi
909 1811 1048 1892 nuptias
1069 1811 1202 1873 Iasonis
1227 1821 1261 1871 et
1283 1808 1357 1870 Me-

402 1948 489 2008 deae
519 1946 552 2007 in
583 1955 681 2008 antro
710 1945 876 2008 Macridis
906 1945 1078 2027 depingit,
1112 1945 1160 2006 ita
1189 1951 1358 2006 memorat

383 2080 608 2172 ¹(Argonaut.
624 2078 686 2153 IV,
703 2078 814 2158 113o):
925 2139 931 2151 ,

602 2273 743 2286 ........
754 2221 955 2306 ,θαλαμήϊον
977 2221 1083 2286 ἔντυον
1106 2219 1195 2304 εὒνήν

501 2349 607 2436 ἄντρῳ
630 2350 662 2416 ἐν
683 2351 832 2437 ἠγαθέῳ,
854 2353 936 2417 τόθι
960 2351 1000 2435 δι’]
1020 2372 1097 2415 ποτε
1118 2346 1241 2433 Μάκρις

1063 2544 1066 2552 ,
1134 2477 1234 2542 ἔναιεν
1234 2524 1316 2552 .....

362 2660 366 2670 .
403 2617 490 2680 (1134)
502 2612 589 2695 κείνη
612 2611 727 2696 eu...
760 2610 828 2688 Διὸς
849 2608 987 2693 Νυσήϊον
1008 2605 1062 2672 υἶα
1086 2609 1287 2692 (Bacchum)

841 2793 924 2807 .....
936 2742 963 2825 qi
983 2740 1026 2806 ἑνὶ
1047 2741 1158 2824 κόλπῳ

503 2874 618 2963 δέξατο
632 2874 689 2938 καὶ
703 2874 806 2957 μέλιτι
821 2873 911 2961 ξηρὸν
926 2873 994 2956 περὶ
1008 2873 1117 2957 χεῖλος
1132 2869 1263 2947 ἔδευσεν,
1274 2873 1319 2932 ...²

404 3023 446 3105 (v.
471 3023 567 3096 infra,
591 3024 649 3084 ubi
675 3025 718 3085 de
744 3022 851 3085 sacris
876 3021 1118 3104 Nympharum
1141 3019 1360 3091 disseremus

401 3157 516 3218 locum
541 3154 703 3237 Oppiani,
728 3156 787 3238 qui
808 3156 1008 3218 Aristaeum
1028 3153 1161 3216 Bacchi
1180 3151 1360 3233 Nympha·

403 3311 548 3372 rumque
573 3292 797 3354 educatorem
821 3290 946 3372 vocat).

473 3425 597 3505 Neque
628 3425 834 3499 errabimuS,
866 3423 894 3485 si
917 3423 971 3484 his
995 3443 1014 3484 e
1038 3420 1197 3484 versibus
1221 3419 1362 3482 Pindari

406 3558 521 3640 (Pyth.
538 3557 604 3630 IX,
624 3559 713 3640 107):
