3014 4522
533 606 773 670 4139«-

242 787 365 868 Itaque
397 787 441 847 de
474 786 583 848 sacris
606 785 762 848 Hesiodo
795 788 999 869 sepeliendo
1030 785 1131 849 factis

176 920 331 984 Alcaeus
356 926 399 1003 (v.
416 920 524 985 Anth.
542 922 653 984 Palat.
671 920 749 994 VII,
768 941 784 999 5
790 922 820 1003 5)
844 922 933 984 haec
957 921 1082 985 tradit:

218 1092 476 1177 ,...Νόμφαι...
498 1089 601 1176 τάφον
624 1090 809 1178 ὑψιόσαντο·
842 1089 988 1176 γάλακτι
1009 1092 1043 1156 δὲ
1068 1114 1132 1156 ποι-

536 1221 539 1224 ’
822 1223 909 1306 μὲνες
931 1224 1032 1308 αἰγῶν

429 1354 597 1439 Ἔρραναν,
619 1353 732 1442 ξανθῷ
752 1351 913 1440 μιξάμενοι
934 1354 1037 1437 μέλιτι
1048 1404 1132 1418 .....

177 1529 295 1609 Atque
312 1527 479 1589 Atossam
495 1538 639 1609 propter
655 1527 801 1590 Darium
817 1538 987 1590 mortuum
1005 1505 1132 1591 icferos

177 1663 278 1724 melle
295 1662 490 1744 placavisse
506 1660 707 1743 Aeschylus
725 1661 832 1744 (Pers.
852 1661 927 1743 όιό)
945 1664 1011 1724 hoc
1028 1664 1132 1724 modo

176 1795 296 1858 tradit:

476 1991 578 2019 ......
584 1944 622 2006 ἐκ
644 1943 746 2026 δόμων
768 1940 863 2009 πόλιν

212 2071 376 2149 Ἔστειλα,
399 2073 506 2151 παιδός
528 2073 624 2155 πατρὶ
645 2079 821 2156 πρευμενεῖς
842 2070 925 2157 χοάς

219 2201 353 2284 Φέρουσ’
377 2197 456 2286 ἅπερ
478 2208 612 2287 νεκροῖσι
633 2200 845 2285 μειλικτήρια·

220 2332 295 2409 Βοός
317 2336 345 2395 τ’
370 2327 424 2415 ἀφ’
448 2327 549 2416 ἁγνῆς
570 2331 683 2396 λευκόν
707 2331 836 2395 εὔποτον
858 2328 960 2414 γάλα,

219 2462 283 2544 Τῆς
304 2466 332 2525 τ’
350 2457 572 2546 ἀνθεμουργοῦ
595 2457 739 2544 στάγμα,
762 2460 912 2543 παμφαὲς
934 2459 1020 2543 μὲλι’
1023 2509 1081 2522 .....

246 2644 436 2709 Inferorum
453 2665 536 2709 vero
552 2644 726 2726 piaculum
750 2664 819 2706 una
843 2663 920 2706 cum
945 2643 1028 2706 artis
1048 2645 1131 2724 μοδ-

176 2781 266 2844 ticae
284 2781 443 2863 symbolo
460 2781 528 2841 mel
544 2779 681 2842 videtur
705 2799 782 2840 esse
807 2779 841 2840 in
860 2779 976 2860 elogio
994 2777 1130 2860 Sopho-

177 2915 252 2985 clis,
292 2915 385 2996 quod
420 2913 566 2996 Erycius
602 2911 756 2991 (Anthol.
783 2912 857 2975 Pal.
884 2911 967 2985 VII,
995 2912 1048 2994 36)
1083 2912 1131 2974 ita

177 3048 330 3129 scripsit:

218 3214 294 3291 ,Αἰεί
315 3236 365 3279 τοι
385 3217 510 3298 λιπαρῷ
530 3210 578 3276 ἐπὶ
600 3212 729 3298 σήματι,
752 3212 797 3275 δῖε
819 3211 996 3295 Σοφόκλεις,

262 3344 410 3428 σκηνίτης
432 3343 600 3427 μαλακοὺς
621 3341 731 3420 κισσός
753 3337 864 3406 ἅλοιτο
886 3340 996 3418 πόδας,

218 3474 285 3537 Αἱεὶ
306 3495 355 3537 τοι
377 3472 523 3558 βούπαισι
543 3469 764 3557 περιστάζοιτο
787 3470 952 3554 μελίσσαις

260 3603 384 3689 τύμβος,
406 3604 581 3687 Ὑμηττείῳ
603 3601 778 3688 λαβόμενος
800 3600 911 3684 μέλιτι,
