3014 4522
760 575 979 636 *40*

376 752 565 826 muliebri,
594 751 693 814 fucos
723 752 844 833 pigros
872 761 994 815 neutro
1023 771 1112 814 sexu
1140 772 1218 816 esse
1241 754 1349 835 vulgo

392 896 545 970 putasse.
587 886 703 968 (,velut
725 884 952 967 imperfectae
976 886 1078 967 apes’
1101 884 1171 949 fuci
1194 908 1216 949 a
1237 886 1349 951 Plinio

392 1022 432 1084 N.
446 1021 491 1084 H.
505 1021 570 1096 XI,
587 1041 621 1082 11
649 1019 888 1100 nominantur.)
924 1019 1013 1082 Nam
1036 1017 1153 1083 fucum
1176 1020 1349 1103 pigritiae,

392 1175 496 1236 apem
515 1174 600 1218 vero
622 1153 823 1236 diligentiae
847 1155 1041 1236 symbolum
1062 1191 1106 1200 —-
1126 1164 1165 1220 ut
1184 1154 1348 1218 hodie--

391 1288 507 1364 fuisse,
531 1287 692 1353 itainter
716 1309 836 1351 omnes
860 1298 1005 1364 constat,
1027 1298 1074 1364 ut,
1099 1290 1129 1353 si
1151 1292 1220 1354 hac
1243 1290 1287 1354 de
1310 1311 1349 1354 re

394 1423 523 1487 similes
538 1423 636 1486 locos
653 1423 898 1499 conferremus
923 1424 997 1486 viro
1014 1424 1063 1486 illi
1079 1426 1184 1488 docto
1200 1423 1349 1489 fortasse

393 1556 618 1640 comparandi
642 1577 808 1633 essemus
833 1559 891 1641 qui
913 1559 958 1622 ad
977 1578 1158 1622 romanum
1174 1561 1349 1642 quendam

392 1695 534 1775 politam
569 1693 703 1756 asinum
740 1714 864 1757 canum
899 1694 1072 1758 dicentem
1099 1694 1198 1758 locos
1225 1695 1349 1772 attulit,

392 1827 427 1890 in
453 1828 579 1909 quibus
602 1825 687 1908 ipsis
714 1848 852 1910 quoque
880 1829 996 1892 asinus
1020 1849 1127 1892 canus
1151 1839 1348 1912 appareret.

393 1962 492 2024 Duos
513 1981 597 2023 vero
619 1962 716 2024 locos
732 1961 888 2036 Hesiodi,
912 1962 947 2024 in
971 1963 1095 2045 quibus
1118 1961 1274 2027 fucorum
1297 1964 1348 2046 pi-

393 2095 498 2177 gritia
514 2095 745 2178 praedicatur,
769 2096 912 2160 laudare
933 2098 1100 2174 volumus,
1124 2108 1163 2161 ut
1183 2118 1234 2173 ea,
1258 2119 1349 2181 quae

392 2229 452 2293 W.
475 2229 667 2292 Menzelius
696 2230 750 2293 his
779 2232 823 2292 de
846 2231 1005 2296 versibus
1033 2231 1094 2309 ait,
1123 2231 1347 2314 corrigamus,

392 2364 493 2427 Haec
519 2362 609 2426 enim
633 2364 668 2426 in
691 2364 897 2447 Theogonia
921 2365 997 2447 (594
1010 2366 1097 2450 sqq.)
1121 2366 1288 2500 legimus:

435 2525 497 2604 ,Ὡς
518 2526 544 2590 δ’
566 2525 652 2590 ὁπότ’
675 2522 707 2591 ἐν
729 2524 882 2612 σμήνεσσι
902 2526 1137 2612 κατηρεφέεσσι
1159 2526 1310 2611 μέλισσαι

435 2656 590 2740 Κηφῆνες
611 2655 769 2741 βόσκουσι,
790 2661 902 2721 κακῶν
925 2655 1073 2746 ξυνήονας
1096 2656 1205 2745 ἔργον,

436 2786 476 2850 Αἰ
497 2785 553 2871 μέν
574 2807 611 2849 τε
632 2785 753 2871 πρόπαν
774 2787 860 2874 ἦμαρ
882 2784 914 2868 ἐς
934 2784 1039 2871 ἠέλιον
1060 2789 1249 2855 καταδύντα

397 2947 399 2952 ·
436 2914 590 3002 Ἠμάτιαι
612 2916 786 2996 σπεύδουσι
808 2918 927 2983 τιθεῖσί
947 2939 984 2982 τε
1004 2918 1105 3004 κηρία
1121 2917 1234 2998 λευκά,

437 3046 475 3112 Οἱ
494 3046 519 3111 δ’
541 3045 676 3114 ἔντοσθε
695 3047 838 3131 μένοντες
857 3045 1032 3134 ἐπηρεφέας
1051 3044 1142 3113 κατὰ
1162 3048 1312 3136 σίμβλους

397 3199 400 3205 ·
435 3167 610 3264 Ἁλλότριον
624 3175 773 3262 κάματον
788 3179 943 3264 σφετέρην
959 3179 991 3260 ἐς
1005 3180 1138 3266 γαστέρ’
1154 3175 1312 3265 ἀμῶνται·

435 3310 488 3389 Ὡς
510 3307 544 3373 δὲ
567 3308 673 3389 αὕτως
695 3305 842 3395 ἄνδρεσσι
862 3309 965 3375 κακδν
986 3311 1132 3395 θνητοῖσι
1153 3316 1309 3397 γυναῖκας

387 3479 389 3482 .
438 3438 513 3518 Ζευς
535 3437 741 3527 ὑψιβρεμέτης
762 3442 856 3524 θήκε,
879 3440 1028 3529 ξυνήονας
1050 3439 1152 3527 ἔργων

435 3568 627 3655 Ἁργαλὲων·
650 3567 754 3656 ἕτερον
776 3571 810 3635 δὲ
831 3573 921 3656 πόρεν
942 3571 1044 3639 κακὸν
1067 3567 1135 3636 ἀντ’
1158 3565 1319 3657 ἀγαθοῖα.
