3014 4522
379 895 380 899 ,
419 845 459 892 De
472 858 521 905 ape
535 850 559 891 et
577 857 641 900 rosa,
661 840 753 889 amoris
766 840 847 889 dulcis
857 841 1066 903 >vulnerantisque
1080 841 1201 902 symbolis

385 916 400 958 l
418 943 459 990 De
477 941 563 999 melle,
583 939 676 988 amoris
695 939 811 1001 symbolo
840 979 844 987 .
876 978 880 986 .
911 979 933 1001 .,
946 978 1200 990 ........

418 1040 459 1087 De
477 1039 554 1087 melle
574 1038 651 1096 aerio,
675 1053 732 1085 cum
752 1037 860 1095 ,manna¹
881 1037 1033 1085 Iudaeorum
1054 1045 1201 1101 comparato

419 1137 459 1185 De
472 1143 537 1184 terra
555 1136 682 1184 aIudaeis
699 1143 787 1198 optata
806 1152 835 1184 ac
854 1137 886 1184 de
904 1143 987 1184 aetate
1006 1152 1082 1185 aurea
1098 1138 1200 1185 Saturni

419 1237 460 1284 De
478 1235 555 1284 melle
575 1251 633 1283 cum
651 1235 780 1284 ambrosia
797 1241 951 1296 nectareque
970 1243 1118 1298 comparato
1158 1275 1163 1286 .
1197 1276 1201 1283 .

419 1336 460 1384 De
478 1335 541 1382 Iove
561 1335 643 1397 prima
662 1340 744 1382 aetate
763 1334 839 1382 melle
858 1334 954 1382 nutrito
984 1373 1201 1384 .......

419 1435 459 1482 De
485 1432 574 1481 Matris
604 1433 714 1495 Magnae
742 1431 891 1494 Cererisque
920 1433 1108 1491 sacerdotibus,
1137 1449 1203 1496 quae

525 1532 658 1597 μέλισσαι;
676 1546 705 1579 ac
720 1531 752 1579 de
764 1531 864 1579 Dianae
877 1531 1021 1589 antistibus,
1042 1532 1085 1593 qui
1098 1529 1202 1594 ἔσσῆνες

526 1630 567 1678 vel
586 1626 775 1698 μελισσονόμοι
793 1632 952 1678 vocabantur
983 1670 1202 1681 .......

418 1730 458 1777 De
477 1729 578 1777 Baccho
598 1735 623 1776 et
638 1729 754 1776 Aristaeo
773 1729 855 1791 prima
874 1736 956 1777 aetate
975 1729 1050 1777 melle
1070 1730 1170 1778 nutritis
1195 1772 1200 1781 .

418 1827 459 1875 De
479 1827 586 1875 Meliteo
606 1827 688 1890 prima
707 1835 789 1875 aetate
807 1828 883 1876 melle
902 1827 953 1875 alto
983 1868 988 1876 .

418 1927 459 1974 De
476 1941 525 1988 ape
544 1927 570 1974 in
584 1926 727 1974 Alexandri
740 1928 857 1985 nummis,
877 1925 984 1976 fortasse
997 1927 1101 1976 Melitae
1119 1928 1202 1990 signa-

525 2024 564 2083 tis,
584 2030 697 2072 exstante
733 2063 1023 2076 .........

418 2124 459 2171 De
476 2123 557 2171 Beroe
571 2123 695 2185 Iamoque
710 2124 793 2185 prima
811 2130 893 2171 aetate
909 2123 985 2172 melle
1004 2124 1112 2184 nutritis,
1133 2126 1203 2188 quod

525 2221 686 2284 eloquentiae
699 2221 809 2284 artisque
823 2222 1011 2270 vaticinationis
1029 2221 1129 2272 suturae
1142 2240 1202 2286 pro-

525 2320 623 2384 digium
643 2318 691 2368 suit
730 2359 1199 2372 ..............
1251 2329 1317 2389 98-
1326 2338 1375 2374 100

418 2421 459 2468 De
474 2419 588 2467 Hesiodo
606 2419 689 2481 prima
708 2425 791 2467 aetate
809 2418 886 2467 melle
905 2420 1022 2469 nutrito.
1088 2461 1093 2470 ,
1124 2461 1128 2470 .
1161 2461 1165 2470 .
1196 2462 1200 2470 ,
1282 2437 1332 2471 100

418 2519 459 2566 De
480 2517 587 2565 Platone
606 2517 690 2579 prima
708 2524 790 2565 aetate
809 2517 885 2565 melle
906 2517 1022 2567 nutrito.
1055 2558 1059 2567 .
1091 2559 1095 2568 .
1125 2560 1128 2568 .
1161 2559 1166 2568 .
1196 2561 1200 2570 .
1283 2534 1332 2568 roo

418 2617 459 2665 De
479 2616 560 2663 Musis
583 2616 726 2678 apibusque
751 2623 829 2664 artem
853 2616 982 2677 poetieam
1007 2616 1032 2663 in
1052 2633 1096 2664 ora
1120 2619 1203 2665 homi·

524 2729 586 2762 num
605 2713 779 2763 fundentibus.
817 2715 856 2762 De
876 2715 967 2776 apibus
986 2717 1089 2764 musicis
1123 2756 1128 2766 .
1159 2756 1163 2767 .
1194 2757 1200 2767 .
1237 2731 1374 2783 roo-103

418 2815 459 2862 De
478 2813 566 2876 apium
585 2815 683 2862 ratione
702 2814 750 2863 diis
769 2814 968 2876 hominibusque
987 2815 1062 2862 simili
1087 2854 1092 2864 .
1122 2855 1127 2864 .
1159 2856 1163 2865 .
1196 2857 1199 2864 .
1236 2831 1374 2884 103-105

419 2913 459 2960 De
478 2912 555 2960 melle
574 2921 703 2975 cantuque
722 2909 793 2979 (μέλι
811 2941 845 2948 -
864 2910 952 2980 μέλος)
984 2954 988 2960 .
1054 2953 1200 2964 .....
1239 2930 1376 2981 105—107

418 3013 459 3059 De
478 3012 571 3074 apibus
589 3011 717 3075 melleque
736 3027 793 3061 cum
807 3013 892 3075 po'etis
910 3012 1116 3076 carminibusque
1134 3028 1202 3061 com·

527 3109 620 3170 paratis
663 3149 1199 3163 ................
1237 3126 1376 3178 107-114

419 3208 459 3256 De
478 3209 609 3256 nonnullis
628 3209 682 3257 aliis
702 3209 843 3258 infantibus
861 3211 938 3259 melle
951 3209 1062 3268 nutritis,
1077 3211 1121 3273 qui
1136 3211 1202 3259 hanc

525 3308 560 3354 ob
583 3323 635 3355 rem
660 3316 749 3370 postea
773 3290 936 3372 philosophi,
960 3316 1065 3372 poetae,
1089 3316 1202 3357 oratores

525 3404 663 3454 factisunt
696 3445 738 3456 ..
804 3447 845 3456 ..
910 3446 1022 3457 ....
1087 3446 1199 3457 ....
1237 3414 1375 3469 114-*118

419 3503 460 3551 De
478 3503 554 3552 melle
573 3519 631 3551 cum
651 3503 837 3553 Germanorum
857 3506 989 3565 ‚Odraeris
1008 3505 1111 3554 dreckr’
1131 3520 1200 3555 com-

526 3612 630 3666 parato.
661 3644 665 3650 .
697 3643 701 3651 .
731 3643 735 3653 .
767 3647 771 3653 .
802 3646 805 3653 .
840 3643 844 3652 .
876 3645 879 3651 .
909 3645 914 3658 .
946 3616 952 3655 .’
981 3644 1198 3655 .......
1236 3610 1372 3666 118·¹¹9
