3014 4522
757 599 813 678 ,ρ
850 625 977 684 12*

391 821 549 867 vearum.
590 822 680 882 quae
720 802 892 882 praebent
927 801 1051 882 apibus
1087 801 1270 866 vestibula’
1307 813 1342 866 et

389 935 535 999 Palladii
552 937 588 1018 (I,
607 935 659 1015 39)
684 955 755 1010 ,ora
771 932 1009 1009 vasculorum',
1034 935 1222 1010 declarant,
1247 937 1341 999 illum

389 1091 449 1133 ora
485 1070 593 1133 facies
628 1069 857 1144 intellexisse,
893 1090 962 1131 non
997 1069 1085 1132 ostia
1121 1079 1157 1131 et
1191 1071 1341 1133 divinam

388 1203 541 1286 speciem
565 1203 645 1266 huic
670 1205 777 1266 errori
800 1203 989 1267 effinxisse.
1016 1241 1054 1250 —

455 1336 494 1401 Si
518 1345 634 1400 autem
650 1339 826 1401 veteribus
851 1359 963 1401 rerum
987 1350 1131 1402 naturae
1152 1340 1272 1421 peritis
1296 1338 1341 1415 id,

388 1474 481 1554 quod
504 1471 704 1534 incredibile
729 1472 822 1535 dictu
852 1474 955 1535 etiam
980 1474 1085 1536 hodie
1113 1474 1226 1536 lucem
1251 1474 1340 1536 desi-

388 1606 494 1682 derat,
519 1605 733 1693 contigisset,
757 1616 793 1668 ut
815 1606 929 1688 apium
952 1606 1078 1669 coitum
1103 1607 1340 1682 observarent,

388 1739 464 1820 apis
503 1749 574 1800 tam
614 1739 718 1801 variis
758 1740 1100 1821 interpretationibus
1140 1741 1340 1824 symbolicis

388 1872 496 1954 digna
520 1882 672 1953 aptaque
696 1881 818 1954 putata
841 1894 908 1935 non
933 1882 1035 1939 esset.
1116 1925 1117 1930 1

453 2004 646 2086 Propterea
670 2006 760 2068 enim
776 2006 952 2088 Vergilius
974 2018 1104 2070 castam
1121 2007 1338 2088 Venerisque

386 2139 580 2218 imperitam
606 2139 653 2201 ita
677 2140 796 2202 laudat
821 2140 961 2223 (Georg.
979 2141 1040 2216 IV,
1063 2160 1119 2222 197
1136 2141 1239 2224 sqq.):
1336 2199 1340 2214 ‚¹

387 2311 496 2384 ,Illum
514 2313 603 2372 adeo
621 2310 795 2391 placuisse
812 2311 935 2393 apibus
952 2311 1120 2373 mirabere
1142 2332 1272 2373 morem

387 2442 488 2529 Quod
500 2465 564 2506 nec
577 2444 762 2507 concubitu
775 2445 965 2525 indulgent,
978 2465 1042 2506 nec
1052 2465 1198 2525 corpora
1211 2463 1338 2524 segnes

387 2578 427 2639 ln
446 2576 618 2640 Venerem
636 2578 775 2639 solvunt
791 2586 850 2639 aut
866 2577 978 2641 foetus
995 2578 1133 2639 nixibus
1150 2575 1279 2644 edunt’.

342 2806 344 2812 ,
453 2748 496 2812 Et
511 2748 694 2811 Petronius
712 2754 756 2830 (p.
772 2748 846 2829 878)
871 2750 937 2811 hac
959 2750 1003 2810 de
1025 2770 1062 2811 re
1080 2749 1144 2812 ait:

431 2956 452 2982 ‚.
467 2958 474 2971 .
490 2956 496 2970 .
512 2958 518 2970 .
536 2908 609 2970 sine
633 2909 818 2970 concubitu
838 2910 943 2971 textis
964 2909 1040 2990 apis
1057 2910 1174 2971 excita
1195 2909 1283 2971 ceris

431 3041 561 3104 Fervet
585 3051 621 3104 et
644 3042 768 3105 audaci
791 3042 898 3104 milite
923 3052 1038 3104 castra
1061 3042 1192 3123 replet’.

384 3211 483 3292 Quae
500 3212 673 3275 sententia
688 3231 757 3274 non
774 3214 883 3274 solum
900 3213 954 3274 his
967 3213 1079 3294 poetis
1096 3213 1237 3294 propria
1254 3223 1338 3287 erat,

384 3347 447 3409 sed
472 3346 576 3410 etiam
600 3346 733 3408 solutae
758 3346 920 3408 orationis
945 3346 1152 3409 auctoribus.
1190 3348 1279 3409 Nam
1303 3347 1338 3409 in

385 3479 673 3543 declamationum
716 3482 824 3562 vulgo
861 3479 1070 3561 Quintiliano
1108 3482 1337 3562 ascriptarum

385 3615 521 3681 decima
544 3615 647 3678 tertia
672 3616 759 3696 (cap.
781 3617 830 3694 16)
855 3616 943 3679 haec
966 3615 1132 3698 legimus:
