3014 4522
744 602 985 666 *1384

386 782 442 844 Ac
465 783 508 843 de
531 782 707 864 exsequiis
724 780 849 865 Cyzici,
874 782 970 865 regis
990 783 1176 845 Dolionum
1200 781 1342 854 insulae,

387 915 445 996 qui
472 917 622 978 adversa
649 915 784 979 Iasonis
812 917 990 979 voluntate
1019 917 1064 979 ab
1093 915 1344 997 Argonauticis

387 1048 588 1112 interfectus
613 1060 701 1124 erat,
739 1052 826 1112 haec
855 1050 889 1112 in
918 1050 1070 1114 carmine
1095 1050 1153 1112 illo
1178 1048 1343 1131 Orphic0‚

387 1184 480 1263 quod
504 1183 749 1265 Argonautica
778 1185 984 1265 appellatur,
1011 1185 1162 1267 legimus
1189 1186 1231 1266 (V.
1251 1185 1343 1265 574):

794 1362 916 1391 .......
924 1309 1028 1398 αὐτὰρ
1050 1312 1158 1399 ἔγωγε

430 1440 535 1527 ψυχὴν
558 1440 730 1528 ἰλασάμην,
753 1444 892 1510 σπένδων
914 1443 1113 1530 μειλίγματα
1134 1443 1275 1529 χύτλων,
1297 1452 1300 1457 ’

429 1573 522 1639 ὕδατί
543 1579 571 1638 τ’
586 1573 643 1658 ἠδὲ
662 1571 816 1657 γάλακτι,
839 1573 1075 1659 μελισσορὺτοις
1098 1569 1168 1656 ἅμα
1189 1578 1319 1656 νασμοῐς

428 1701 538 1790 λοιβὰς
560 1704 742 1788 ἐκπροχὲων
754 1754 760 1767 .
773 1754 779 1768 .
792 1709 807 1768 .’
825 1744 863 1750 —-

387 1837 445 1902 Sic
470 1839 573 1902 etiam
592 1841 636 1901 de
658 1838 788 1900 inferiis
809 1838 842 1900 in
863 1839 1031 1900 honorem
1048 1835 1221 1921 Opheltae
1242 1835 1344 1900 factis

390 1970 524 2036 Statius
548 1973 669 2055 (Theb.
686 1972 747 2046 VI,
768 1972 841 2053 209)
866 1972 954 2035 haec
977 1971 1101 2036 refert:

433 2106 516 2179 ‚Nec
540 2126 608 2168 non
624 2105 781 2188 Assyriis
797 2106 1031 2188 pinguescunt
1049 2107 1177 2168 robora
1197 2105 1298 2179 sucis,

434 2240 652 2321 Pallentique
677 2259 779 2302 croco
804 2240 949 2302 strident
971 2239 1129 2303 ardentia
1152 2239 1256 2301 mella

433 2371 711 2456 Spumantesque
733 2392 829 2436 mero
849 2382 993 2453 paterae
1010 2385 1202 2454 verguntur
1222 2384 1257 2435 et
1279 2372 1345 2434 atri

432 2506 621 2591 Sanguinis
638 2518 673 2569 et
689 2507 780 2587 rapti
797 2506 997 2589 gratissima
1013 2507 1152 2590 cymbia
1167 2504 1287 2570 lactis!
1304 2543 1342 2551 -

387 2655 577 2738 Opheltam
602 2656 707 2727 enim,
737 2651 843 2717 filium
871 2654 965 2716 illum
988 2653 1159 2736 Lycurgi,
1188 2652 1344 2716 Nemeae

386 2790 481 2873 regis
505 2790 765 2871 Euridicesque,
794 2790 838 2850 ab
865 2787 1064 2870 Hypsipyle
1088 2786 1229 2864 nutrice,
1253 2807 1344 2868 quae

388 2935 525 3007 septem
560 2926 667 2987 duces
702 2923 870 2986 adversus
900 2921 1043 2985 Thebas
1077 2920 1133 2983 siti
1168 2919 1344 2984 confectos

388 3061 433 3121 ad
449 3057 580 3121 fontem
597 3060 772 3121 deducere
796 3055 924 3165 maluit,
948 3055 1150 3136 neglectum
1169 3065 1275 3136 atque
1299 3056 1344 3116 ab

388 3193 495 3275 angui
529 3203 691 3255 necatum
727 3191 775 3253 illi
809 3191 1021 3272 sepelierunt
1049 3189 1191 3271 eiusque
1215 3188 1345 3271 piaculi

389 3347 495 3389 causa
524 3327 713 3389 certamina
742 3325 876 3388 Nemea
905 3324 1157 3388 commiserunt.
1211 3324 1344 3408 Quibus

388 3460 422 3521 in
438 3459 528 3522 ludis
553 3460 776 3524 sollemnibus
796 3459 864 3521 mel
881 3480 1018 3541 quoque
1034 3458 1176 3522 libatum
1198 3477 1276 3520 esse
1297 3476 1344 3517 ex

389 3594 520 3656 inferiis
545 3592 719 3675 Opheltae
745 3593 858 3655 allatis
883 3594 1000 3675 colligi
1024 3603 1150 3674 potest.
1176 3628 1218 3638 —
