3014 4522
774 607 1015 672 *1504

363 827 365 830 ⁴
419 788 488 850 mel
510 786 653 862 fluebat,
683 807 751 870 quo
779 788 856 870 ipso
881 808 964 852 suco
988 789 1144 871 Iuppiter
1175 809 1254 852 eum
1278 788 1372 864 vicit,

417 922 506 984 haec
531 941 550 984 e
574 921 754 984 Macrobio
780 920 927 1002 (Saturn.
945 923 971 996 Ι,
992 922 1021 1002 7)
1037 923 1240 997 haurimus:

485 1055 712 1137 ,Cyrenenses
724 1110 727 1115 .
740 1105 746 1117 .
759 1106 779 1131 .,
798 1077 875 1119 cum
892 1077 964 1118 rem
979 1056 1130 1118 divinam
1148 1056 1180 1119 ei
1197 1053 1371 1138 (Saturno)

416 1187 555 1262 faciunt,
579 1186 654 1253 ficis
674 1190 871 1254 recentibus
892 1199 1099 1252 coronantur
1120 1190 1372 1270 placentasque

417 1333 535 1386 mutuo
560 1323 739 1398 missitant,
768 1323 879 1386 mellis
903 1334 938 1385 et
961 1322 1132 1385 fructuum
1156 1333 1372 1404 repertorem

417 1455 603 1520 Saturnum
620 1458 852 1521 aestimantes'
870 1457 911 1537 (v.
927 1467 970 1520 et.
986 1456 1091 1518 Alex.
1108 1457 1152 1518 ab
1166 1455 1270 1518 Alex.
1289 1475 1370 1537 gen.

418 1591 500 1656 dier.
517 1591 593 1657 libr.
613 1591 656 1666 II,
676 1592 736 1670 22).
763 1629 804 1638 —

485 1725 585 1807 Apes
608 1737 723 1789 autem
745 1747 766 1788 a
782 1725 964 1789 Curetibus
982 1762 1019 1769 —-
1039 1734 1077 1787 ut
1100 1745 1205 1806 supra
1222 1724 1372 1786 vidimus

419 1895 459 1903 --
485 1860 598 1922 sonitu
622 1860 861 1942 cymbalorum
884 1859 977 1921 Iovis
1001 1859 1100 1940 pueri
1123 1858 1239 1920 alendi
1264 1879 1372 1921 causa

418 1992 561 2054 allectas
591 2013 668 2055 esse
702 2001 839 2054 veteres
869 2000 1088 2074 putaverunt.
1147 1989 1225 2071 Qua
1252 1991 1372 2054 fabula

416 2124 563 2188 fortasse
587 2135 765 2206 permotus
790 2125 965 2188 Diodorus
994 2134 1111 2188 narrat
1135 2125 1188 2207 (V,
1207 2130 1225 2187 6
1230 2124 1278 2204 5):
1296 2173 1302 2186 .
1317 2175 1323 2188 .
1339 2174 1345 2187 .
1363 2175 1369 2188 .

479 2267 712 2350 ,ἱστοροῦσι
743 2264 970 2350 Κούρητας
1003 2261 1048 2329 τὰ
1077 2265 1144 2348 περὶ
1172 2259 1233 2342 τὰς
1263 2264 1372 2347 μελιτ-

380 2393 565 2511 ’τουργὶας
586 2394 794 2482 καταδεῖξαι]

417 2526 535 2609 Atque
566 2528 716 2592 Iustinus
748 2550 767 2590 e
795 2528 963 2610 Pompeio
987 2529 1105 2610 Trogo
1135 2530 1224 2591 haec
1256 2529 1372 2591 hausit

417 2660 558 2741 (XLIV,
575 2663 625 2741 4l:

482 2795 576 2868 ‚Rex
591 2795 844 2858 vetustissimus
861 2795 1047 2877 (Curetum)
1065 2793 1233 2876 Gargoris
1256 2794 1369 2856 mellis

417 2929 603 3010 colligendi
627 2949 726 2991 usum
750 2927 901 2992 invenit'
928 2966 967 2975 —

481 3062 605 3144 Neque
630 3083 714 3125 vero
737 3063 920 3127 Aristaeus
946 3062 1184 3146 Gargorisque
1208 3062 1272 3124 soli
1301 3062 1371 3124 mel

416 3204 450 3256 et
475 3160 676 3258 eius‘usum
701 3197 898 3279 repperisse
924 3198 1142 3266 dicebantur.
1174 3196 1236 3258 sed
1264 3195 1369 3258 etiam

415 3330 592 3395 Bacchus:
618 3352 827 3413 quamquam
852 3330 1005 3392 nonnulli
1025 3365 1066 3376 -—
1089 3340 1126 3393 ut
1147 3329 1296 3392 vidimus
1318 3366 1370 3402 —,

415 3466 563 3528 eundem
600 3489 620 3528 a
648 3465 818 3540 Macride,
854 3462 1008 3526 Aristaei
1044 3461 1126 3539 filia,
1161 3463 1229 3526 iam
1265 3465 1369 3525 melle

414 3608 553 3678 pastum
578 3619 656 3660 esse
680 3601 829 3662 tradunt.
877 3597 955 3659 lure
983 3596 1174 3679 meritoque
1197 3597 1369 3660 inventori
