3014 4522
504 630 721 693 *974-

200 803 270 882 ,Ταί
291 803 406 890 (Ὧραι)
429 804 454 868 δ’
477 789 675 890 ἐπιγουνίδιον
700 800 951 887 κατθηκοίμεναι
976 800 1088 888 βρέφος
1152 795 1155 801 ’

824 930 945 1010 αὑταῖς,

201 1063 331 1148 Νέκταρ
354 1061 385 1128 έν
407 1064 552 1150 χείλεσσι
572 1064 629 1128 καὶ
651 1059 825 1149 ἀμβροσίαν
848 1048 999 1150 στάξοισι

1040 1196 1047 1222 ί

470 1194 632 1279 θήσονταί
652 1216 689 1259 τε
710 1217 753 1258 νιν
775 1191 943 1260 ἀθάνατον
956 1243 1038 1257 .....

140 1355 344 1436 colligimus,
360 1354 474 1417 Horas
487 1355 651 1418 Aristaeo
668 1354 789 1417 infanti
811 1355 879 1417 mel
895 1354 1088 1424 instillasse,

140 1489 232 1568 quod
257 1525 296 1532 —
322 1495 359 1549 ut
374 1487 522 1550 vidimus
547 1508 781 1570 —persaepe
806 1497 865 1551 aut
887 1496 1007 1552 nectar
1031 1495 1090 1548 aut

140 1620 314 1684 ambrosia
341 1620 582 1684 nominabatur
610 1643 651 1684 ac
681 1641 748 1684 non
777 1623 886 1685 solum
916 1621 1089 1683 immorta-

140 1756 232 1830 lium,
257 1758 320 1819 sed
345 1755 448 1817 etiam
472 1755 739 1819 immortalitatis
762 1764 865 1837 potus
889 1765 973 1818 erat.
1002 1789 1039 1797 —

207 1889 351 1951 Meliteo
380 1909 465 1951 vero
493 1908 618 1950 nomen
647 1889 760 1970 ipsum
788 1911 809 1952 a
837 1890 951 1963 melle,
987 1888 1090 1950 nutri-

142 2032 258 2085 mento
282 2022 389 2104 pueri,
413 2032 496 2085 erat.
543 2020 620 2103 Qua
644 2025 687 2086 de
711 2044 748 2086 re
769 2022 966 2085 Antoninus
990 2022 1090 2083 Libe-

142 2157 222 2219 ralis
246 2158 335 2221 haec
358 2167 474 2220 narrat
499 2157 630 2238 (XIII):

205 2305 285 2384 ,Διὸς
303 2305 360 2368 καὶ
378 2304 498 2389 νύμφης
517 2303 683 2389 Ὀθρηίδος
701 2303 827 2389 ἐγένετο
841 2311 913 2383 παῖς
928 2302 1092 2381 Μελιτεύς·

143 2443 253 2501 τοῦτον
281 2432 303 2518 ἡ
328 2434 432 2520 μήτηρ
463 2432 615 2522 ἐξέθηκεν
643 2435 684 2514 εἰς
713 2434 771 2519 την
800 2433 879 2519 ὕλην
907 2429 998 2497 κατὰ
1027 2433 1094 2510 δέος

134 2565 248 2651 Ἥρας,
271 2563 319 2628 ὅτι
340 2563 422 2647 αὐτῇ
444 2563 518 2642 Ζεὺς
540 2561 670 2649 ἐμίχθη.
703 2564 738 2629 Ὁ
761 2565 795 2628 δὲ
815 2570 888 2642 παῖς
909 2563 976 2642 Διὸς
998 2561 1095 2648 βουλη

144 2694 203 2758 οὐκ
220 2691 395 2778 ἠφανίσθη,
419 2689 493 2757 ἀλλ’
513 2693 626 2782 ηὔξετο
645 2695 831 2778 τρεφόμενος
850 2693 909 2758 ὑπὸ
928 2694 1094 2777 μελισσῶν.

143 2824 292 2910 Ἐνέτυχε
307 2825 340 2888 δὲ
355 2823 445 2906 αὐτῷ
458 2822 629 2906 ποιμαίνων
643 2822 790 2909 πρόβατα
805 2821 937 2908 Φοίγρος
951 2823 968 2887 ὁ
982 2822 1095 2885 Ἀπέλ-

146 2955 245 3034 λωνος
261 2958 416 3040 (Nitsch.,
432 2958 454 3019 l.
467 2959 487 3019 1.
505 2979 530 3020 s.
548 2976 638 3018 nom.
653 2957 768 3031 Melit,
785 2957 964 3038 Phagrum
981 2954 1095 3029 ‚filium

146 3091 246 3155 lovis‘
262 3091 350 3154 falso
367 3090 481 3171 vocat)
503 3086 562 3151 καὶ
581 3084 748 3171 Ὀθρηίδος
768 3085 895 3171 νύμφης,
918 3083 985 3169 ἥτις
1008 3083 1097 3148 ἔτεκε

146 3221 287 3286 Μελιτέα
304 3221 358 3287 τὸν
377 3220 409 3286 έν
424 3226 464 3304 τη
483 3220 545 3307 ὕλη
560 3221 671 3285 παῖδα
692 3218 871 3303 θαυμάσας
894 3219 928 3284 δὲ
949 3220 1021 3303 πρὸς
1043 3219 1097 3284 τὸν

146 3354 241 3438 ὄγκον
263 3359 320 3418 τοῦ
343 3353 493 3437 σώματος
514 3353 571 3416 καὶ
590 3351 636 3416 έτι
654 3353 748 3416 πλέον
767 3350 839 3436 πρὸς
860 3346 921 3428 τὰς
943 3350 1097 3434 μελίσσας

147 3480 289 3547 ἀνείλετο
315 3483 372 3547 καὶ
399 3479 575 3569 ἀπήνεγκεν
599 3482 639 3560 είς
660 3478 705 3545 τὰ
727 3481 810 3546 οἰκία
838 3480 895 3544 καὶ
917 3479 1043 3564 ἔτρεφεν
1066 3476 1098 3541 ἐν

146 3616 248 3696 πολλῇ
268 3614 393 3697 σπουδῇ,
408 3614 540 3697 θέμενος
562 3613 651 3696 αὐτῷ
663 3612 805 3677 Μελιτέα
821 3611 927 3695 ὄνομα,
950 3610 1026 3674 διότι
1040 3607 1098 3673 ὑπὸ

907 3732 921 3782 7
