3014 4522
644 533 862 626 ⁶517*

273 714 362 772 vs.6
387 708 602 792 necaverat),
631 719 666 772 et
696 729 779 772 ecce
803 731 952 773 examen
982 730 1087 791 apum
1111 709 1143 770 in
1169 730 1229 772 ore

274 844 385 906 leonis
408 864 448 906 ac
470 843 571 904 favus
588 841 726 905 mellis':
751 844 975 925 intelligimus
997 853 1140 925 propter
1156 845 1228 904 lon-

275 978 468 1058 gitudinem
485 977 650 1058 temporis
667 977 846 1060 solemque
864 977 1043 1040 ardentem
1061 996 1142 1038 ossa
1158 976 1228 1037 leo·
1298 1036 1301 1044 ,

274 1112 327 1173 nis
345 1111 420 1173 sola
434 1110 568 1191 reliqua
583 1108 698 1185 fuisse,
719 1110 932 1172 Bochartum
954 1120 1149 1192 sequentes,
1172 1110 1230 1192 qui

275 1244 390 1314 multis¹
414 1245 500 1306 locis
525 1244 701 1308 literarum
731 1253 927 1306 sanctarum
956 1242 1068 1305 allatis
1092 1243 1140 1306 ait
1165 1243 1229 1323 (1.1.

274 1376 337 1450 ΙΙΙ,
355 1400 384 1456 4,
405 1375 472 1459 10):
496 1387 591 1458 ‚post
615 1376 689 1438 dies
713 1376 733 1438 i.
747 1398 776 1438 e.
801 1385 881 1457 post
904 1373 1049 1438 annum’.
1073 1413 1118 1422 -

342 1537 467 1599 Mirum
498 1537 588 1599 enim
617 1528 715 1599 no'bis
743 1556 811 1598 non
839 1537 989 1609 videtur,
1022 1537 1115 1618 quod
1143 1556 1230 1617 apes

274 1671 368 1732 nuda
385 1691 466 1732 ossa
481 1691 550 1732 non
567 1672 691 1733 eodem
714 1671 818 1732 modo
839 1671 988 1744 horrent,
1013 1690 1082 1751 quo
1104 1689 1230 1750 corpus

274 1803 515 1884 putrefactum,
540 1804 569 1865 si
590 1806 685 1884 apud
701 1804 918 1866 Herodotum
941 1823 1089 1866 examen
1112 1803 1228 1883 apium

275 1946 381 2017 caput
397 1934 529 1999 Onesili
550 1948 765 2018 amputatum
789 1936 1071 2018 exsiccatumque
1095 1937 1228 2017 ingres·

275 2091 350 2132 sum
373 2069 463 2132 favis
489 2070 688 2150 implevisse
715 2070 763 2132 ita
782 2045 931 2150 legimus
948 2069 1001 2150 (V,
1021 2069 1108 2150 114):
1132 2064 1230 2148 ,Ὀνη-

275 2199 365 2263 σίλου
394 2199 449 2282 μέν
478 2221 530 2263 νυν
559 2199 773 2282 Ἀμαθούσιοι,
805 2198 853 2262 ότι
885 2198 988 2284 σφέας
1016 2199 1230 2282 ἐπολιόρκησε,

276 2325 494 2412 ἀποταμόντες
508 2327 567 2413 τὴν
581 2327 728 2413 κεραλὴν
744 2326 896 2411 ἐκόμισαν
912 2326 943 2407 ἐς
957 2329 1159 2411 Ἀμαθοῦντα
1174 2326 1231 2391 καί

248 2495 251 2499 -
275 2480 325 2542 μιν
353 2455 577 2543 ἀνεκρέμασαν
603 2457 678 2543 ὑπὲρ
706 2463 770 2522 των
803 2457 940 2522 πυλέων·
973 2458 1171 2543 κρεμαμένης
1198 2460 1231 2524 δὲ

275 2593 333 2670 τῆς
351 2589 498 2672 κεφαλῆς
519 2587 576 2651 καὶ
598 2585 710 2671 ἐούσης
730 2583 791 2670 ἤδη
813 2587 923 2670 κοίλης
945 2584 1040 2669 ἐσμὸς
1054 2588 1230 2670 μελισσέων

276 2715 361 2796 ἐςόύς
383 2714 414 2795 ἐς
436 2716 537 2802 αὐτὴν
558 2716 675 2801 κηρίων
698 2737 746 2799 μιν
767 2713 926 2800 ἐνέπλησε.
953 2716 1068 2781 τούτου
1091 2717 1125 2780 δὲ
1143 2739 1232 2802 γενο-

275 2846 368 2930 μένου
390 2846 534 2911 τοιούτου
558 2844 719 2932 (ἐχρέοντο
734 2841 800 2930 γὰρ
819 2845 887 2930 περὶ
907 2845 1007 2928 αὐτῆς
1028 2846 1056 2909 οἱ
1076 2844 1232 2930 Ἀμαθού-

276 2978 348 3056 σιοι)
377 2973 563 3059 ἐμαντεύθη
590 2996 659 3058 σφι,
689 2975 748 3060 τὴν
776 2974 831 3059 μὲν
860 2974 1007 3059 κεφαλὴν
1032 2977 1232 3054 κατελόντας

277 3103 394 3192 θάψαι,
416 3104 574 3190 Ὀνησίλῳ
590 3104 623 3168 δὲ
642 3103 731 3168 θύειν
749 3101 792 3183 ὡς
812 3101 893 3187 ἥρωϊ
914 3099 978 3167 ἀνὰ
1000 3108 1061 3169 πᾶν
1085 3103 1154 3182 ἐτος
1176 3105 1233 3167 καί

277 3257 333 3318 σρι
354 3243 474 3300 ποιεῦσι
495 3242 604 3299 ταῦτα
627 3230 750 3317 ἄμεινον
773 3233 988 3298 συνοίσεσθαι.
1031 3231 1233 3315 Ἀμαθούσιοι
1293 3216 1297 3224 ’

276 3367 331 3449 μὲν
354 3363 472 3430 ἐποίεον
493 3371 603 3428 ταῦτα
625 3362 741 3428 καὶτὸ
762 3361 872 3447 μέχρις
895 3359 985 3446 ἐμεῦ]

344 3498 433 3580 Quin
469 3500 502 3561 in
539 3498 699 3579 sepulcro
738 3495 815 3576 ipso
850 3494 1076 3575 Hippocratis
1116 3494 1232 3574 apium

1022 3632 1038 3667 2
