3014 4522
528 624 746 684 *57*

160 802 354 865 ostendisse
390 814 495 885 atque
528 803 595 865 hoc
631 804 736 864 modo
771 822 922 865 errorem
956 801 1116 867 Creuzeri

160 935 265 1018 plane
290 935 546 1020 diligenterque
569 937 792 1020 redarguisse
816 937 1004 1014 videamur,
1030 961 1115 1023 pau·

160 1071 220 1148 cis,
244 1073 418 1154 quomodo
442 1073 500 1136 ille
517 1073 569 1136 vir
585 1073 804 1137 doctissimus
827 1075 918 1136 hanc
942 1075 986 1137 ad
1011 1074 1114 1136 inter·

158 1205 389 1288 pretationem
423 1207 546 1271 falsam
578 1207 762 1292 pervenire
793 1207 957 1291 potuerit,
994 1206 1114 1290 exqui-

158 1359 235 1403 rere
259 1341 427 1405 volumus.

224 1475 370 1540 Duobus
397 1475 461 1539 illis
479 1477 512 1539 in
529 1476 615 1540 loeis
632 1474 867 1559 Obsequentis
892 1476 932 1558 (c.
950 1495 1021 1555 103.
1041 1476 1112 1556 104)

160 1608 348 1673 Creuzerus
364 1610 487 1674 merito
504 1609 600 1674 inniti
615 1631 684 1673 non
700 1610 857 1695 potuisse
873 1609 1010 1673 videtur
1016 1633 1023 1686 ;
1048 1630 1113 1673 nec

158 1743 301 1806 meliore
324 1742 398 1807 iure
419 1743 453 1806 in
473 1745 589 1808 verbis
603 1744 693 1807 Plini
710 1744 762 1828 (N.
777 1744 820 1807 H.
833 1745 900 1821 XI,
912 1745 960 1828 18)
985 1744 1111 1809 relatis.

158 1875 231 1940 Sed
246 1878 365 1942 nescio
393 1898 436 1941 an
461 1878 535 1942 eius
559 1877 672 1942 animo
697 1880 795 1942 locus
818 1879 876 1942 ille
892 1879 1029 1962 Vergili
1052 1880 1112 1941 ob-

157 2022 317 2083 versatus
342 2012 393 2086 sit,
418 2013 477 2075 ubi
493 2011 610 2076 fabula
635 2015 679 2076 de
703 2013 839 2096 origine
862 2013 971 2076 Iuliae
995 2011 1111 2096 gentis

158 2155 324 2212 narratur.

223 2278 370 2344 Lavinia
393 2281 493 2357 enim,
518 2283 633 2345 Latini
656 2283 751 2366 regis
775 2281 855 2358 filia,
884 2283 999 2346 Turno
1024 2282 1112 2357 ,avis

155 2413 338 2496 atavisque
368 2416 516 2499 potenti’
549 2416 626 2499 regi
652 2416 862 2480 Rutulorum
895 2418 1027 2480 nubere
1062 2415 1111 2478 iu·
1191 2480 1193 2483 ,

156 2548 271 2623 betur;

220 2678 304 2756 ‚Sed
328 2684 376 2766 (ut
397 2683 576 2768 Vergilius
597 2687 646 2750 ait
668 2687 703 2749 in
727 2686 816 2749 Aen.
830 2685 908 2756 VII,
923 2685 977 2765 58)
1002 2683 1108 2747 variis

381 2828 544 2900 portenta
568 2822 671 2884 deum
695 2821 883 2885 terroribus
907 2821 1063 2882 obstant:

219 2949 355 3014 Laurus
380 2961 454 3015 erat
478 2955 562 3017 tecti
586 2955 701 3018 medio
715 3003 888 3029 .........

159 3088 211 3155 (64)
223 3081 335 3147 Huius
347 3105 432 3169 apes
446 3108 616 3152 summum
628 3090 758 3153 densae
767 3127 791 3135 -
800 3088 956 3152 mirabile
969 3087 1109 3150 dictu!-

220 3214 377 3283 Stridore
391 3219 523 3303 ingenti
538 3222 704 3305 liquidum
716 3234 812 3287 trans
828 3202 972 3287 aethera
984 3232 1109 3289 vectae

219 3349 402 3418 Obsedere
416 3357 562 3438 apicem,
575 3366 618 3432 et,
632 3359 781 3440 pedibus
792 3378 855 3441 per
868 3369 986 3422 mutua
998 3359 1106 3433 nexis,

217 3485 376 3552 Examen
394 3491 543 3553 subitum
560 3511 656 3554 ramo
672 3491 855 3556 frondente
871 3493 1049 3575 pependit.

217 3618 387 3685 Continuo
405 3634 521 3687 vates:
546 3635 737 3699 ‚externum
756 3628 936 3692 cernimus'
953 3628 1062 3712 inquit
