3014 4522
773 605 1013 668 *100*

413 779 477 842 fuit
501 800 542 842 ac
566 780 822 843 vaticinationis
850 782 1077 864 peritissimus
1102 783 1144 864 (v.
1162 783 1295 847 Nitsch.
1312 784 1332 847 l.
1346 787 1367 847 l.

414 934 441 976 S.
458 935 490 976 n.
515 924 550 977 et
572 913 669 990 infra,
693 915 751 977 ubi
768 916 814 978 de
835 917 943 979 sacris
959 916 1134 999 Apollinis
1155 918 1366 1000 scribemus).

480 1049 552 1112 Mel
581 1049 672 1111 enim
700 1051 794 1131 apud
823 1058 961 1113 veteres
988 1061 1132 1133 propter
1160 1052 1367 1116 suavitatem

412 1181 578 1245 fluentem
606 1203 675 1245 non
703 1184 814 1246 solum
838 1221 879 1231 —
904 1194 943 1247 ut
970 1186 1074 1248 hodie
1100 1223 1140 1231 -
1171 1188 1367 1269 symbolum

414 1315 633 1398 eloquentiae
666 1319 848 1398 poetarum
883 1318 1160 1401 sapientiumque
1189 1319 1267 1394 fuit,
1303 1322 1367 1383 sed

413 1451 517 1514 etiam
551 1461 654 1534 potus
690 1452 840 1527 divinuS,
875 1453 934 1534 qui
968 1452 1156 1516 infantibus
1187 1455 1253 1518 hoc
1282 1475 1365 1518 suco

413 1585 530 1667 apium
554 1586 632 1648 altis
655 1584 856 1650 facultatem
879 1588 972 1650 illam
996 1589 1183 1652 instillavit.

479 1719 673 1782 Hesiodum
698 1741 843 1802 puerum
871 1721 921 1784 ita
945 1723 990 1784 ab
1014 1722 1138 1805 apibus
1162 1723 1265 1785 melle
1289 1743 1370 1805 pas·

412 1860 484 1916 tum
515 1874 609 1928 esse,
645 1854 767 1936 paucis
797 1856 1043 1937 comprobatur
1071 1855 1105 1918 in
1132 1856 1205 1919 vita
1227 1856 1370 1930 Lucani,

413 2008 503 2068 quae
527 1987 614 2050 infra
639 1986 834 2052 afferemus,

480 2121 536 2184 De
571 2122 718 2185 Platone
754 2142 838 2186 vero
877 2124 1026 2186 eandem
1059 2122 1212 2186 fabulam
1247 2121 1369 2186 Cicero

413 2255 552 2337 longius
582 2255 630 2317 ita
660 2266 798 2320 enarrat
823 2257 879 2338 (de
896 2257 1000 2319 divin.
1017 2257 1044 2337 Ι,
1063 2255 1134 2337 36):
1170 2256 1298 2332 ,Midae
1322 2256 1370 2319 illi

413 2389 585 2471 Phrygi0,
621 2409 698 2452 cum
733 2410 820 2472 puer
849 2398 956 2466 esset,
990 2390 1171 2453 dormienti
1203 2389 1368 2453 formicae

413 2522 447 2583 in
471 2542 511 2584 os
539 2522 642 2585 tritici
665 2543 777 2604 grana
806 2533 1068 2606 congesserunt.
1115 2523 1368 2586 Divitissimum

413 2655 486 2719 fore
511 2658 729 2737 praedictum
758 2666 827 2719 est:
863 2659 957 2738 quod
986 2655 1111 2719 evenit.
1158 2655 1209 2717 At
1232 2656 1368 2719 Platoni

414 2811 491 2853 cum
514 2791 548 2853 in
570 2790 667 2853 cunis
687 2792 833 2872 parvulo
859 2791 1040 2854 dormienti
1063 2811 1150 2873 apes
1174 2791 1208 2853 in
1231 2790 1368 2853 labellis

414 2925 662 2999 consedissent,
678 2945 883 3007 responsum
900 2935 969 2988 est:
995 2924 1162 3006 singulari
1178 2924 1273 2986 illum
1290 2944 1366 2986 sua-

412 3058 520 3121 vitate
544 3059 708 3122 orationis
732 3058 822 3121 fore:
859 3059 907 3120 ita
929 3057 1045 3121 futura
1068 3057 1264 3140 eloquentia
1287 3076 1366 3139 pro-

413 3193 487 3254 visa
510 3192 544 3253 in
568 3191 697 3256 infante
722 3191 790 3256 est'
816 3194 857 3275 (v.
874 3192 955 3255 ibid.
972 3192 1016 3268 ΙΙ,
1034 3192 1097 3273 31).

423 3326 427 3338 “
478 3325 745 3407 Comparatione
762 3328 885 3389 eadem
902 3326 1055 3389 Platonis
1072 3347 1149 3391 cum
1165 3326 1260 3388 Mida
1274 3326 1367 3390 facta

412 3460 573 3522 Valerius
586 3460 761 3523 Maximus
774 3462 871 3535 haec,
888 3480 979 3543 quae
995 3458 1119 3522 afferre
1135 3459 1235 3523 nobis
1252 3462 1365 3535 liceat,

412 3596 508 3656 addit
533 3594 604 3676 (fib.-
619 3595 636 3656 Ι
653 3614 728 3675 cap.
746 3600 765 3656 ὁ
790 3604 921 3657 extern.
941 3594 987 3675 3):
