3014 4522
634 552 874 617 ..f-103*

340 726 446 805 ζὈταν
468 734 544 813 γοῦν
567 725 779 812 σκρτήσιοσιν
797 724 819 812 ἢ
840 729 1058 813 πλανηθῶσιν,
1080 725 1227 792 ἐνταῦθα

277 855 305 922 οἱ
331 858 521 943 σμηνουργοὶ
547 864 695 943 κροτοῦσι
722 859 834 942 κρότον
862 854 933 923 τινὰ
963 856 1084 942 ἐμμελῆ
1111 855 1229 922 τεκαὶ

278 989 437 1071 συμμελῆ·
460 986 543 1052 αἰδὲ
562 984 605 1068 ὡς
627 986 685 1053 ὑπὸ
708 992 845 1073 σειρῆνος
867 985 1024 1053 ἕλκονται.
1045 986 1103 1051 καὶ
1124 987 1229 1070 μέντοι

277 1114 523 1202 ὑποστρέφουσιν
545 1113 576 1196 ἐς
595 1112 666 1203 ἤθη
688 1117 745 1183 καὶ
766 1119 865 1183 οἰκεῖα
888 1118 1062 1208 αὖθιςὶε
1087 1154 1129 1166 -—

343 1250 466 1333 Itaque
488 1271 557 1314 non
580 1252 702 1315 mirum
725 1252 825 1316 nobis
848 1253 994 1326 videtur,
1018 1252 1047 1314 si
1070 1250 1228 1333 legimus,

277 1385 401 1468 apibus
430 1386 604 1467 quandam
633 1385 847 1449 divinitatem
879 1386 994 1450 inesse
1024 1387 1080 1468 (de
1111 1405 1229 1448 earum

278 1518 443 1583 facultate
466 1520 678 1584 vaticinandi
701 1520 789 1584 infra
812 1519 1043 1600 disseremus).
1078 1519 1120 1582 Id
1136 1519 1229 1602 quod

279 1653 489 1717 Aristoteles
516 1654 565 1717 ita
593 1655 642 1717 ait
670 1656 715 1738 (p.
736 1658 793 1735 761
814 1653 850 1718 A
865 1678 885 1735 4
903 1656 957 1718 ed.
974 1654 1147 1734 Bekker):
1177 1648 1229 1728 ,οὐ

276 1779 341 1868 γὰρ
364 1781 490 1869 ἔχουσιν
512 1785 600 1850 οὐδὲν
618 1786 715 1864 θοῖον,
736 1783 841 1870 ὥσπερ
859 1783 898 1850 τὸ
919 1785 1008 1870 γένος
1028 1785 1067 1851 τὸ
1088 1789 1153 1849 τῶν
1175 1806 1228 1868 με-

275 1914 410 1978 λιττῶν]
433 1952 474 1960 -

342 2048 387 2112 Et
408 2047 586 2131 Vergilius
609 2047 788 2132 republica
813 2048 931 2130 apium
955 2046 1096 2111 summis
1118 2045 1227 2110 laudi·

276 2183 342 2245 bus
366 2183 457 2246 elata
480 2182 587 2246 refert
609 2181 750 2266 (Georg.
768 2180 827 2257 IV,
847 2179 938 2262 219):

322 2335 400 2411 ,His
424 2334 564 2418 quidam
593 2334 702 2418 signis
730 2343 835 2417 atque
862 2334 951 2397 haec
979 2332 1143 2415 exempla
1173 2350 1226 2394 se·

947 2466 1017 2530 cuti

320 2603 407 2666 Esse
429 2602 553 2685 apibus
568 2612 704 2685 partem
722 2602 860 2665 divinae
881 2600 1006 2665 mentis
1028 2608 1063 2663 et
1081 2601 1227 2663 haustus

320 2737 508 2802 Aetherios
532 2737 673 2800 dixere.
689 2786 695 2798 .
709 2785 716 2799 .
730 2735 747 2799 .'
772 2771 814 2781 -

341 2873 382 2936 In
407 2870 695 2944 declamationum
719 2889 802 2932 vero
825 2865 1035 2949 Quintiliano
1059 2867 1225 2949 ascripta-

276 3027 350 3070 rum
375 3005 509 3070 decima
532 3005 634 3069 tertia
658 3004 698 3086 (e.
720 3004 769 3088 16)
794 3005 934 3068 dicitur:
959 3051 981 3078 ,.
997 2999 1130 3083 ..Quid
1153 3022 1225 3066 cre·

276 3143 339 3205 das
364 3140 465 3215 aliud,
490 3159 593 3222 quam
617 3138 754 3203 divinae
770 3148 907 3220 partem
930 3137 1055 3202 mentis
1077 3135 1131 3199 his
1154 3134 1225 3199 ani-

276 3274 354 3382 mis
364 3275 395 3388 ρ
409 3294 438 3338 e.
464 3273 598 3357 apibus)
622 3270 772 3337 inesse?
798 3307 838 3318 -

342 3393 398 3472 A'c
413 3408 595 3473 Petronius
619 3407 685 3491 (56)
709 3406 772 3472 ait:
799 3427 961 3491 ...,apes
1048 3424 1117 3489 ego
1139 3403 1224 3466 divi·

274 3564 339 3613 nas
361 3543 493 3608 bestias
515 3540 614 3627 puto’
626 3592 634 3607 .
648 3590 677 3606 ..
