3014 4522
516 583 735 646 *814

148 759 236 822 leste
265 755 585 835 111υάκαὶ’διοπετὲς
608 762 735 823 donum
763 762 797 823 in
825 761 1024 824 universum
1049 783 1104 825 ca·

151 895 232 955 dere
264 893 381 955 desiit:
419 915 501 956 mox
532 914 608 957 cum
637 894 732 957 iussu
761 914 883 975 regum
914 894 1105 977 interrupta

150 1026 272 1089 fuisset
297 1027 384 1089 muri
400 1027 517 1102 series
544 1029 656 1090 denuo
672 1028 743 1090 labi
760 1026 949 1101 affluenter,
974 1050 995 1090 a
1012 1030 1104 1110 pube
1200 1027 1203 1034 ’

151 1161 279 1223 rustica
304 1160 422 1243 colligi
445 1160 575 1243 passim
600 1161 725 1243 coepit.
770 1160 959 1243 Repetitur
982 1162 1104 1225 iterum

151 1314 281 1375 magno
322 1294 435 1356 studio
478 1294 641 1376 cingendi
675 1295 742 1357 loci
777 1295 1006 1377 propositum,
1043 1298 1105 1358 sed

151 1429 388 1491 temerarium:
414 1427 443 1490 si
466 1427 604 1510 quidem
630 1429 898 1509 circumquaque
922 1431 1105 1510 praeclusa

151 1563 237 1625 muri
268 1562 375 1624 lorica
406 1560 501 1624 stetit
532 1563 676 1625 melleus
708 1562 817 1623 imber
845 1582 958 1643 neque
988 1583 1104 1624 mana-

151 1695 200 1757 vit
223 1695 381 1777 amplius,
411 1697 522 1758 donec
552 1695 721 1777 dissipata
752 1694 966 1776 disiectaque
990 1716 1104 1758 mace·

152 1830 233 1896 riae?
252 1829 341 1892 illius
366 1841 461 1893 crate
485 1829 594 1891 iibero
618 1830 778 1909 ingressu
804 1830 934 1911 potitus
957 1832 1104 1893 rusticus

153 1972 271 2025 coetus
295 1963 494 2025 avidissime
519 1961 705 2025 defluvium
730 1963 813 2024 illud
837 1984 984 2026 mannae
1012 1964 1105 2027 colli·

153 2117 237 2177 gere
261 2097 432 2179 permissu
456 2116 578 2178 regum
602 2094 732 2179 potuit'.

218 2228 317 2311 Quae
345 2231 459 2293 omnia
483 2232 551 2292 hoc
580 2249 625 2291 ex
648 2231 727 2292 loco
752 2229 942 2293 litterarum
972 2241 1105 2293 sancta·

154 2385 226 2426 rum
251 2365 405 2447 pendere
429 2365 590 2426 videntur
614 2363 700 2446 (Lib.
719 2364 832 2426 Exodi
848 2365 948 2438 XVI,
967 2387 1013 2443 14,
1033 2369 1104 2441 31):

219 2498 335 2572 ,Cum
351 2547 377 2562 ..
400 2498 595 2580 operuisset
612 2496 831 2579 superficiem
848 2506 971 2571 terrae,
996 2517 1105 2580 appa-

154 2633 219 2694 ruit
240 2633 274 2694 in
299 2631 483 2694 solitudine
511 2631 679 2693 minutum
703 2643 738 2692 et
762 2630 861 2711 quasi
884 2632 955 2713 pilo
979 2642 1106 2705 tusum,

157 2768 188 2828 in
213 2767 469 2829 similitudinem
493 2765 637 2847 pruinae
661 2785 766 2846 super
789 2774 936 2829 terram.
952 2815 959 2829 .
974 2814 980 2827 .
995 2768 1011 2826 .'

222 2899 482 2981 ‚Apellavitque
494 2900 622 2979 domus
638 2898 746 2960 israel
767 2918 892 2960 nomen
916 2898 990 2960 eius
1007 2899 1105 2960 Man:

156 3036 245 3115 quod
263 3044 339 3097 erat
355 3034 454 3116 quasi
478 3053 597 3096 semen
622 3033 795 3095 coriandri
819 3033 945 3107 album,
969 3043 1106 3113 gustus·

155 3189 220 3248 que
245 3169 319 3230 eius
343 3167 442 3248 quasi
467 3167 576 3228 simile
601 3188 677 3229 cum
702 3167 824 3230 melle.’

219 3299 291 3361 Mel
314 3319 397 3362 vero
421 3304 515 3383 apud
532 3303 715 3365 Hebraeos
740 3312 873 3362 tantum
897 3302 1046 3374 valebat,
1071 3312 1108 3363 ut

156 3433 229 3507 loci,
255 3433 379 3513 quibus
396 3435 462 3496 hac
479 3436 523 3496 de
547 3456 583 3497 re
609 3436 732 3516 agitur,
756 3436 877 3516 paucis
901 3455 1107 3498 commemo·

156 3567 253 3629 randi
277 3567 353 3631 sint.

897 3673 912 3724 6
