3014 4522
769 604 990 671 4⁴48*

469 782 547 868 Quo
571 789 615 850 de
639 796 800 869 portento
817 788 979 850 Lucanus
1004 786 1296 871 (VII‚151-164)
1322 800 1357 853 et

401 921 587 1004 Appianus
623 922 666 1005 (d.
688 923 768 985 bell.
791 921 855 985 civ.
876 922 920 997 II,
939 927 1012 1003 232)
1048 934 1083 986 et
1118 922 1187 986 Dio
1216 922 1356 986 Cassius

402 1055 510 1137 (XLI,
527 1056 581 1138 61)
606 1065 641 1118 et
664 1053 872 1138 Obsequens
897 1058 938 1139 (c.
960 1057 1033 1138 125)
1057 1057 1253 1138 comparari
1276 1078 1356 1139 pos·

403 1200 516 1289 sunt.⁸
539 1187 606 1272 Qui
635 1199 795 1255 auctores
824 1191 922 1253 varia
945 1177 1278 1275 quidemprodigia
1301 1191 1356 1253 his

400 1324 486 1387 locis
508 1337 779 1389 commemorant
807 1346 920 1408 neque
942 1346 1027 1389 vero
1050 1346 1203 1407 unquam
1224 1325 1356 1389 exami-

401 1458 455 1521 nis
478 1460 595 1542 apium
619 1459 875 1525 obliviscuntur.
903 1497 943 1507 -

469 1591 632 1656 Ceterum
660 1595 726 1657 hoc
751 1614 840 1657 anno
867 1615 911 1658 ne
934 1595 1052 1659 Roma
1075 1595 1216 1677 quidem
1239 1594 1357 1676 quieta

401 1725 480 1801 fuit,
515 1728 577 1790 sed
609 1729 716 1791 multa
744 1749 786 1792 ac
815 1749 946 1811 magna
973 1729 1065 1791 mala
1094 1729 1126 1791 ei
1156 1738 1356 1791 evenerunt.

402 1862 444 1925 Id
468 1864 561 1943 quod
588 1864 767 1944 complura
794 1864 909 1927 omina
932 1865 1192 1946 portenderunt,
1215 1883 1262 1926 ex
1285 1862 1357 1945 qui·

401 1998 470 2059 bus.
491 1999 585 2079 apud
608 1997 759 2060 Dionem
783 1997 942 2062 Cassium
970 1998 1179 2061 enumeratis
1202 1999 1269 2060 hoc
1298 1997 1356 2058 eli·

402 2151 488 2212 gere
508 2132 667 2195 volumus
687 2130 813 2214 (XLII,
833 2132 901 2213 26);
929 2127 1060 2214 ,Ἐκείνῳ
1081 2150 1119 2192 τε
1138 2124 1205 2214 γὰρ
1226 2129 1274 2211 τῷ
1294 2114 1358 2190 ἔτει

401 2264 593 2327 τελευτῶντι
627 2258 718 2327 ἄλλα
748 2284 786 2326 τε
814 2260 944 2349 συνέβη,
980 2263 1038 2327 ναὶ
1070 2262 1221 2347 μέλισσαι
1250 2259 1282 2327 ἐν
1311 2265 1359 2344 τῷ

402 2392 596 2476 Καπιτωλίῳ
611 2393 678 2477 περὶ
692 2393 746 2458 τὸν
761 2392 927 2477 Ἡρακλέα
943 2391 1119 2479 ἱδρύθησαν
1129 2444 1136 2458 .
1145 2444 1152 2458 .
1161 2398 1176 2458 .’
1190 2434 1223 2441 --
1236 2398 1356 2480 Atque

401 2530 494 2592 idem
523 2540 644 2593 auctor
668 2530 749 2593 alibi
772 2530 820 2594 ait
844 2531 1003 2613 (XLVII,
1020 2532 1051 2613 2)
1074 2526 1119 2608 ,ἐν
1140 2534 1205 2608 τοῖς
1225 2530 1356 2613 Ἀσκλη-

401 2661 504 2740 πιείας
524 2665 684 2746 (Romae)
710 2661 861 2747 μέλισσαι
883 2659 914 2742 ἐς
935 2661 993 2748 τήν
1016 2657 1120 2747 ἄκραν
1141 2659 1261 2725 πολλαὶ
1285 2681 1357 2726 συν-

402 2792 628 2881 εστράφησαν.
662 2798 764 2881 Quod
779 2801 979 2884 prodigium
991 2800 1041 2864 Α0
1055 2800 1175 2864 XLIII
1190 2821 1220 2864 a.
1232 2797 1312 2863 Chr.
1325 2821 1356 2862 n.

402 2933 514 2995 visum
557 2954 706 3016 magnas
751 2935 968 2998 calamitates
1011 2935 1205 3018 portendit;
1251 2945 1357 3016 atque

401 3069 506 3148 paulo
529 3077 610 3151 post
630 3066 843 3132 Octavianus
868 3080 903 3133 et
922 3068 1119 3133 Antoninus
1132 3078 1179 3165 'et
1201 3068 1356 3150 Lepidus

402 3202 556 3263 secundo
572 3200 788 3265 triumviratu
799 3203 938 3266 Romae
953 3211 1086 3267 tantam
1103 3205 1248 3266 caedem
1264 3202 1356 3265 fece·

401 3303 493 3408 runt,
521 3345 559 3397 ut
581 3335 649 3397 Dio
674 3336 751 3420 (1.1.)
776 3339 969 3402 exclamet:
998 3336 1069 3413 ,καί
1089 3329 1111 3418 ἡ
1131 3334 1220 3412 πόλις
1242 3328 1358 3397 ἅπασα

401 3470 517 3550 νεκρῶν
537 3462 730 3552 trinomia&
752 3506 793 3514 -
815 3472 929 3534 Etiam
945 3473 991 3535 M.
1008 3473 1121 3537 Tullio
1137 3470 1296 3534 Ciceroni
1312 3472 1357 3533 ab

401 3605 467 3666 illis
496 3605 691 3686 proscripto
721 3607 787 3667 hoc
818 3605 934 3686 apium
964 3626 1114 3669 examen
1143 3606 1255 3668 ditum
1278 3624 1357 3688 por·
