3030 4516
1152 797 1206 848 Pag.

277 873 318 919 De
332 871 419 919 cicada
432 871 457 918 in
471 870 581 918 nummis
594 870 832 932 Metapontinorum
851 868 916 917 falso
933 869 1062 918 intellecta
1220 865 1223 870 ’

384 969 503 1035 (Aradus.
536 966 655 1033 Smyrna)
662 1003 1058 1019 ............
1095 968 1233 1031 167—168

278 1069 318 1116 De
337 1083 385 1129 ape
405 1067 431 1114 in
450 1067 559 1115 nummis
579 1066 778 1115 Atheniensium
798 1072 910 1114 exstante
949 1108 951 1113 .
985 1106 989 1114 .
1018 1106 1023 1116 .
1057 1107 1060 1113 .
1096 1064 1236 1130 168-—170

278 1168 318 1213 lle
336 1165 463 1214 medicina
482 1181 496 1213 a
516 1166 577 1213 Sole
596 1165 644 1214 deo
664 1181 677 1213 e
697 1164 772 1213 melle
792 1164 896 1213 inventa
950 1205 953 1212 .
985 1205 989 1212 .
1020 1204 1024 1213 .
1055 1207 1058 1214 .
1141 1177 1190 1227 170

279 1251 319 1312 De
339 1264 436 1326 templo
457 1266 489 1312 ab
509 1265 601 1327 apibus
620 1263 738 1335 Apollini
758 1262 826 1311 sacto
877 1301 1061 1312 ......
1096 1275 1234 1327 170—171

278 1365 318 1411 De
337 1379 385 1427 ape
405 1363 522 1425 Apollini
544 1362 638 1425 Pythio
658 1377 728 1410 sacra
773 1401 1023 1412 ........
1048 1375 1059 1410 ¹.
1140 1374 1190 1424 172

278 1463 319 1509 De
338 1477 387 1524 ape
407 1434 628 1524 proesagitationis
647 1461 764 1522 symbolo
808 1499 812 1508 .
842 1499 847 1509 .
878 1500 882 1509 .
916 1499 920 1507 .
951 1498 955 1507 .
987 1499 991 1508 .
1020 1499 1025 1508 .
1058 1498 1061 1506 .
1098 1472 1235 1523 172-173

278 1562 318 1608 De
338 1560 413 1609 melle
433 1560 550 1622 Apollini
570 1559 709 1608 sacrificato
737 1599 741 1606 .
772 1596 776 1604 .
807 1596 811 1605 .
844 1600 845 1603 ,
876 1597 880 1606 .
912 1575 920 1606 ;
948 1598 953 1607 .
983 1597 988 1607 .
1020 1597 1024 1606 .
1057 1597 1060 1605 .
1096 1569 1236 1621 173—174

215 1650 217 1654 ¹
279 1660 320 1707 De
339 1659 415 1707 melle
428 1660 498 1717 lano,
519 1660 649 1706 Fortunae
664 1658 746 1715 Virili,
767 1657 905 1706 Melloniae
924 1655 1079 1711 sacrificato?
1098 1668 1235 1719 174-175

279 1759 320 1805 De
341 1757 425 1814 ,sacris
444 1756 543 1805 sobriis’
564 1755 632 1804 falsis
651 1757 737 1810 Bonae
755 1758 825 1804 Deae
846 1755 918 1804 factis
950 1795 955 1805 .
988 1793 992 1801 .
1021 1795 1026 1804 .
1143 1766 1190 1818 175

279 1856 319 1904 De
338 1855 414 1903 molle
428 1863 543 1918 tempore
556 1854 698 1916 posteriore
711 1846 794 1916 paene
811 1855 929 1902 omnibus
943 1853 991 1900 diis
1005 1852 1063 1900 dea·

385 1956 483 2016 busque
503 1951 642 2001 sacrificato
664 1989 1060 2002 ............
1144 1945 1191 2013 176

280 2052 420 2101 Conclusio
454 2088 919 2103 .............
923 2049 925 2053 ’
950 2089 955 2099 .
985 2088 991 2098 .
1022 2088 1027 2097 .
1058 2086 1063 2096 ·
1099 2045 1237 2112 176-*178

685 2582 827 2917 Q

565 3644 664 3694 Berolini,
681 3644 737 3696 typis
751 3644 785 3684 W.
801 3631 960 3685 formetur.

654 3798 692 3857 13

634 3889 676 3950 25
