3014 4522
519 614 758 677 *167*

165 813 269 875 quam
293 793 370 875 ipse
394 792 482 855 infra
506 793 552 875 (p.
572 793 645 874 ²53)
670 793 826 856 cicadam
843 804 955 857 vocat.
994 793 1132 886 Nonne·

165 926 271 1008 igitur
286 927 408 989 cicada
423 947 639 991 nummorum
656 927 972 1009 Metapontinorum
994 927 1118 990 eodem

166 1063 269 1124 modo
293 1081 357 1144 pro
381 1081 449 1143 ape
473 1036 595 1125 haberi
618 1061 752 1144 potuit?
775 1096 816 1106 —

233 1214 368 1277 Eadem
406 1234 489 1278 vero
529 1214 664 1277 Dianae
708 1215 867 1296 symbola
904 1232 1119 1276 nummorum

167 1347 397 1429 Ephesiorum
427 1349 531 1412 etiam
558 1348 593 1409 in
615 1347 825 1410 Aradiorum
852 1347 999 1410 nummis
1022 1346 1119 1409 vide·

169 1501 254 1544 mus.
294 1479 371 1563 Qua
395 1484 438 1544 de
462 1502 500 1544 re
516 1481 703 1545 Eckhelius
728 1483 848 1562 (doctr.
865 1501 954 1545 num.
973 1488 1042 1542 vet.
1058 1479 1121 1554 ΙΙΙ,

165 1636 198 1697 p·
219 1616 293 1696 ³93)
318 1616 382 1679 aitt

214 1802 284 1857 ,cur
304 1791 420 1844 exstet
436 1781 536 1864 (apis)
559 1780 663 1843 etiam
687 1780 721 1842 in
740 1780 887 1842 nummis
904 1779 1016 1843 Aradi
1039 1779 1121 1842 mihi

744 1914 1015 1996 incompertum?

168 2083 305 2146 Dianae
334 2092 448 2144 autem
479 2081 590 2143 cultus
619 2079 767 2142 fortasse
795 2100 906 2162 usque
934 2082 980 2143 ad
1008 2080 1121 2143 Phoe-

168 2215 265 2279 nices
285 2214 511 2297 permanavit.
537 2214 579 2295 (v.
599 2224 641 2277 et.
658 2213 821 2277 Pellerin.
837 2213 929 2276 Med.
947 2215 1009 2277 des
1022 2214 1121 2276 villes

167 2349 219 2412 III
242 2350 288 2432 pl.
304 2347 380 2423 XC,
401 2369 428 2410 2.
447 2348 487 2427 3).
512 2384 553 2392 -
1002 2388 1019 2423 ,

238 2500 405 2563 Nummos
428 2520 511 2563 vero
533 2497 755 2584 Smymaeos‚
778 2499 845 2562 illis
870 2499 1008 2575 similes,
1032 2499 1121 2562 Eck·

170 2635 281 2698 helius
298 2634 420 2697 melius
433 2636 500 2698 hoc
517 2637 621 2697 modo
637 2634 857 2716 interpretari
874 2634 987 2716 potuit
1003 2635 1121 2716 (doctr.

171 2792 263 2834 num.
280 2780 347 2834 vet.
365 2770 408 2843 II,
426 2791 459 2851 p.
479 2770 569 2849 545):

218 2920 371 2996 ,Constat
394 2920 485 2982 enim
509 2940 555 2983 ex
576 2918 748 2984 Strabone
776 2918 914 3000 (1.le
936 2938 969 3000 p.
986 2939 1030 2981 m.
1048 2918 1122 2999 939)

170 3055 344 3138 Ephesios
365 3066 400 3118 et
416 3052 627 3136 Smyrnaeos
648 3053 832 3136 aliquando
852 3072 921 3115 una
936 3050 1123 3127 habitasse,

172 3191 222 3253 sic
245 3200 283 3252 ut
305 3188 467 3270 Ephesus
492 3188 595 3251 etiam
620 3184 769 3270 Smyrna
793 3183 984 3249 diceretur!
1008 3222 1049 3233 —

240 3339 312 3405 Sed
347 3340 525 3402 Minervae
565 3319 702 3421 duoque
741 3336 817 3420 apis
850 3337 986 3400 videtur
1024 3355 1125 3399 sacra

171 3476 289 3539 fuisse.
336 3475 424 3538 Nam
460 3474 507 3536 illi
537 3493 606 3536 non
635 3474 745 3536 solum
774 3472 842 3533 mel
866 3470 1125 3534 sacrificabatur

172 3612 215 3692 (v.
232 3609 306 3674 infr.
324 3610 388 3672 loc.
410 3611 499 3672 laud.
517 3609 687 3690 Pansam),
712 3609 774 3669 sed
792 3607 828 3668 in
849 3605 996 3669 nummis
1020 3604 1124 3668 etiam
