3014 4522
522 605 739 668 ‚rt-8521..

156 779 260 843 Cuius
294 781 394 863 regni
423 779 562 845 Saturni
597 780 700 844 finem
735 783 890 846 Tibullus
925 785 973 847 ita
1007 786 1106 866 luget

157 912 218 993 (El-
232 913 257 987 Ι,
274 933 303 991 s
318 933 369 978 vs·
389 933 439 993 ss,
455 915 527 996 43)³

245 1059 372 1142 ,Quam
388 1066 478 1127 bene
495 1062 644 1128 Saturno
661 1065 827 1127 vivebant
842 1085 949 1146 rege.
964 1115 970 1128 .
988 1118 992 1129 .
1011 1115 1017 1127 .

246 1195 344 1279 ipsae
360 1198 463 1260 mella
480 1199 609 1261 dabant
626 1218 773 1279 quercus
787 1246 793 1259 .
807 1248 813 1260 .
828 1246 835 1260 .
849 1196 866 1259 .'

108 1353 112 1360 '
225 1349 270 1413 Et
304 1349 464 1413 carminis
496 1349 585 1413 illius
620 1359 752 1426 auctor,
787 1351 879 1433 quod
907 1350 1026 1414 Aetna
1060 1352 1108 1413 in·

159 1483 325 1567 scriptum
350 1493 413 1560 est,
435 1485 628 1565 interrogat
652 1486 693 1567 (ν.
712 1485 760 1565 9):

274 1655 403 1730 ,Aurea
426 1656 539 1718 securi
554 1656 630 1738 quis
650 1656 762 1718 nescit
780 1656 918 1718 saecula
934 1655 1109 1738 regis?-

274 1788 380 1853 Cum.
396 1837 403 1851 .
418 1836 446 1852 ..

160 1924 254 1988 (vs-13)
272 1923 353 2006 Ipse
378 1943 440 1986 suo
463 1922 586 1987 flueret
606 1923 767 1987 Bacchus
791 1926 892 2006 pede,
916 1924 1087 2004 mellaque

832 2056 933 2120 lentis

276 2192 475 2256 Penderent
497 2191 587 2255 foliis
612 2202 647 2255 et
666 2192 789 2275 pingui
808 2192 925 2255 Pallas
948 2190 1079 2253 oliva..
1094 2187 1111 2251 .'

161 2361 279 2444 Atque
304 2363 408 2425 etiam
433 2364 527 2443 apud
551 2361 778 2427 Claudianum
805 2363 862 2426 illo
887 2365 930 2426 de
954 2372 1111 2444 tempore

161 2497 309 2579 legimus
334 2497 377 2578 (d.
392 2496 483 2560 laud.
503 2494 636 2560 Stilich.
652 2497 677 2572 1,
695 2498 766 2576 85):

207 2693 228 2719 ,.
243 2694 249 2707 .
266 2645 400 2709 .ferunt
423 2647 604 2728 mellisque
626 2646 723 2709 lacus
748 2655 783 2708 et
804 2643 945 2708 flumina
968 2644 1067 2707 laetis

207 2779 371 2861 Erupisse
395 2781 470 2843 solo
484 2830 491 2844 .
505 2829 512 2843 .
527 2778 544 2842 .'
562 2816 603 2825 -

229 2930 301 2996 Sed
329 2932 399 2995 mel
426 2934 629 3015 plerumque
658 2934 762 2996 sudor
791 2931 879 2995 caeli
908 2951 986 2994 esse
1014 2941 1113 3012 puta-

163 3067 273 3140 batur,
291 3068 514 3148 quamobrem
530 3067 708 3149 Vergilius
725 3066 773 3129 ait
789 3064 928 3149 (Georg.
945 3064 1007 3137 IV,
1024 3063 1069 3144 1):

209 3201 379 3274 ,Protinus
401 3200 484 3264 aerii
504 3201 615 3264 mellis
637 3201 801 3264 caelestia
821 3200 911 3261 dona

210 3334 456 3418 ...Exsequar
469 3386 475 3399 .
490 3385 496 3398 .
511 3360 522 3399 s
534 3334 551 3400 .'
575 3353 577 3358 ·

233 3465 322 3549 Quia
346 3479 462 3532 autem
478 3470 588 3533 dulcis
612 3469 669 3533 ille
694 3489 795 3532 sucus
812 3470 939 3530 donum
964 3468 1115 3529 caeleste

165 3613 255 3675 erat,
283 3615 420 3668 veteres
449 3605 702 3679 existimabant,
738 3603 850 3666 eibum
879 3604 1021 3664 deorum
1048 3599 1116 3660 mel
