3014 4522
764 599 981 661 *90*

400 777 557 851 ,Dictaeo
572 825 578 838 .
594 825 621 839 ..
648 779 711 839 sub
735 775 843 839 antro'
868 776 910 858 (v.
928 777 1037 859 Verg.
1055 777 1185 860 Georg.
1202 778 1262 853 IV,
1281 778 1352 857 152)

400 911 516 984 melle,
544 920 686 973 nectare
715 911 773 974 illo
798 931 844 973 ex
868 912 1010 974 aethere
1033 922 1130 987 nato,
1159 914 1204 975 ab
1228 914 1353 994 apibus

399 1053 521 1126 pastus
545 1053 607 1107 est.
647 1040 847 1109 Secundum
867 1047 1091 1110 vetustiorem
1116 1056 1232 1110 autern
1255 1046 1353 1110 fabu-

398 1180 467 1241 lam
498 1181 675 1261 nymphae
704 1180 882 1244 Adrastea
911 1192 945 1244 et
973 1180 1163 1245 Amalthea
1192 1181 1235 1262 (v.
1253 1181 1353 1245 Calli·

398 1313 510 1375 mach.
524 1313 640 1396 hymn.
654 1313 688 1375 in
699 1313 772 1377 Iov.
785 1335 817 1376 v.
837 1336 883 1389 ro,
898 1320 1010 1394 46-54
1028 1324 1063 1377 et
1079 1335 1196 1398 graec.
1210 1315 1351 1397 interpr.

399 1448 499 1509 adv.
523 1447 590 1528 47),
626 1447 683 1509 vel
713 1446 890 1511 Adrastea
918 1458 953 1511 et
981 1449 1046 1512 Ida
1076 1450 1118 1532 (v.
1140 1448 1304 1530 Apollod.
1326 1449 1352 1523 Ι,

402 1602 427 1655 1,
438 1584 466 1656 6,
483 1581 541 1644 ubi
557 1582 744 1664 nymphae,
761 1591 799 1645 ut
811 1584 905 1663 apud
917 1582 1111 1646 Diodorum
1123 1582 1166 1658 V,
1181 1602 1220 1663 70
1233 1604 1266 1665 p.
1280 1588 1352 1663 387,

398 1715 457 1797 qui
480 1716 549 1778 mel
570 1735 707 1797 quoque
731 1715 837 1788 addit,
863 1737 1009 1798 puerum
1033 1718 1124 1781 lacte
1141 1715 1352 1780 Amaltheae

398 1869 526 1931 caprae
556 1848 730 1932 educunt),
764 1851 821 1912 vel
849 1850 1039 1914 Amalthea
1073 1861 1108 1914 et
1136 1850 1280 1914 Melissa
1310 1852 1352 1932 (v.

398 1984 555 2046 Lactant.
579 1983 683 2046 instit.
703 1984 762 2046 lib.
779 1985 804 2058 I,
824 1983 890 2065 22),
918 1984 1014 2067 regis
1039 1983 1255 2047 Cretensium
1279 1984 1353 2047 Me·

397 2118 492 2180 lissei
526 2115 631 2192 filiae,
672 2138 818 2200 puerum
860 2117 1014 2182 divinum
1052 2119 1144 2182 lacte
1180 2118 1353 2202 melleque

398 2252 565 2314 aluerunt.
612 2251 697 2314 Rex
721 2272 804 2315 vero
832 2252 890 2315 ille
914 2252 1114 2327 MelisseuS,
1145 2253 1204 2335 qui
1227 2272 1353 2315 nomen

398 2395 456 2449 aut
480 2407 501 2448 a
530 2382 696 2465 μελίσσαις
725 2385 833 2460 duxit,
862 2393 982 2448 aut-
1001 2395 1038 2448 ut
1062 2386 1233 2468 interpres
1251 2405 1352 2467 grae-

390 2533 460 2583 'cus
481 2519 624 2582 Pindari
648 2519 705 2601 (ad
721 2518 823 2603 Pyth.
841 2519 902 2596 IV,
920 2520 992 2603 104)
1017 2521 1061 2582 de
1077 2519 1221 2584 Melissa
1244 2520 1293 2584 ait
1312 2555 1353 2564 —-

399 2654 440 2717 iis
465 2655 570 2729 dedit,
600 2673 699 2717 sacra
724 2654 867 2716 deorum
890 2655 1021 2736 primus
1045 2653 1264 2718 constituisse
1287 2653 1354 2716 fer-

398 2798 462 2850 tur.
498 2785 576 2868 Quo
595 2789 697 2862 cultu,
723 2787 781 2870 qui
796 2788 940 2851 multum
961 2788 1030 2850 mel
1053 2787 1241 2870 requisivit,
1266 2787 1353 2869 apis

398 2929 496 2984 casta
539 2922 613 2984 eius
657 2920 790 3003 opifex,
834 2921 1030 3004 symbolum
1074 2921 1158 2984 illud
1201 2921 1354 2984 divinum

397 3055 527 3118 factum
563 3066 628 3130 est,
665 3056 758 3137 quod
787 3055 892 3118 etiam
915 3055 1019 3138 hodie
1046 3055 1081 3117 in
1105 3055 1295 3118 simulacris
1321 3063 1356 3118 et

397 3189 545 3252 nummis
569 3188 782 3254 Graecorum
806 3188 1115 3270 Romanorumque
1138 3188 1234 3252 nitet.
1259 3225 1302 3234 -

465 3322 603 3387 Cretam
637 3323 751 3405 igitur,
788 3323 847 3385 ubi
874 3323 1060 3386 Melisseus
1093 3323 1268 3405 regnavit,
1305 3323 1354 3386 in·

400 3457 570 3519 cunabula
586 3453 678 3519 Iovis
694 3456 800 3519 fuisse
817 3456 974 3538 plerique
990 3459 1131 3520 tradunt
1148 3456 1190 3539 (v.
1207 3457 1352 3521 Hesiod.

398 3590 460 3654 Th.
478 3595 541 3670 466
556 3611 644 3672 sqq,
680 3590 739 3653 ubi
773 3590 1015 3654 nutrimentum
1047 3589 1147 3654 lactis
1179 3602 1214 3655 et
1243 3591 1354 3654 mellis
