3014 4522
641 601 859 664 ,ιι-304-

274 800 386 861 neque
409 780 562 842 Romani
589 799 703 861 neque
731 790 871 843 nostrae
896 781 1021 842 aetatis
1044 768 1108 841 viri
1133 780 1227 843 docti

273 915 515 988 observavere,
540 934 647 994 saepe
663 914 775 975 visum
798 934 876 975 esse
899 914 947 974 ita
964 914 1068 975 docet
1093 913 1137 995 (p.
1153 917 1226 992 761.

274 1047 308 1108 A
333 1067 348 1126 7
381 1049 433 1109 ed.
461 1049 605 1128 Bekk.):
649 1043 851 1128 ,ὀχευομεναι
878 1045 987 1129 (apes)
1016 1043 1049 1107 δὲ
1077 1049 1227 1128 γεννῶσιν

273 1175 321 1240 ὑπ’
351 1175 512 1260 αλλήλων.
565 1177 668 1243 ώιιται
698 1176 764 1264 γὰρ
799 1177 954 1259 πολλάκις
983 1182 1000 1246 ὁ
1030 1181 1227 1267 συνδυασμὸς

274 1307 401 1372 αὐτῶν.
427 1349 466 1355 -

339 1442 463 1523 Itaque
488 1443 591 1505 etiam
609 1442 766 1524 quaestio
789 1443 874 1504 varii
899 1442 987 1506 inter
1011 1465 1096 1526 apes
1120 1465 1227 1506 sexus

273 1577 318 1638 ab
343 1595 385 1637 eo
409 1576 598 1647 excutitur,
626 1597 731 1658 quae,
759 1578 932 1657 quomodo
961 1597 999 1638 se
1023 1579 1117 1658 apud
1141 1577 1227 1639 alios

275 1730 411 1791 quoque
436 1720 596 1773 auctores
616 1709 824 1791 praebuerit,
848 1711 1071 1790 explananda
1095 1710 1168 1773 erit.
1188 1749 1227 1758 -

342 1856 500 1918 Examen
514 1856 654 1938 quidem
670 1856 703 1917 in
722 1857 855 1929 ducem,
870 1855 972 1930 sures,
990 1876 1076 1937 apes
1088 1893 1114 1899 -
1127 1877 1230 1938 quam

275 1990 429 2052 ordinem
451 1999 570 2052 nostra
590 1991 623 2052 in
646 1989 892 2071 explanatione
909 1991 1104 2053 tenebimus
1121 1991 1231 2052 -iam

274 2125 369 2205 apud
396 2134 548 2196 vetereS,
575 2132 613 2184 ut
641 2124 745 2185 hodie
774 2144 927 2206 quoque,
959 2124 1108 2185 divisum
1139 2132 1230 2200 erat;

275 2260 338 2319 sed
360 2260 403 2319 de
429 2278 546 2319 eorum
571 2277 659 2319 sexu
683 2258 857 2320 internos
882 2266 917 2319 et
935 2267 1073 2319 veteres
1098 2257 1230 2319 dissen-

275 2392 407 2452 sionem
420 2391 691 2465 observabimus
709 2411 799 2472 quae
816 2390 850 2453 in
867 2387 1122 2470 significatione
1139 2411 1230 2473 sym·

274 2525 388 2586 bolica
410 2525 525 2605 apium
543 2525 640 2586 ducis
657 2525 883 2606 percipienda
904 2525 1047 2586 maximi
1064 2525 1229 2586 momenti

275 2667 309 2720 et
333 2658 497 2739 ponderis
522 2668 584 2720 est.

341 2793 430 2854 Fere
447 2812 567 2854 omnes
585 2792 724 2872 quidem
740 2800 887 2863 veteres
912 2789 1170 2870 apiumducem
1189 2828 1230 2835 -

275 2947 378 3008 quam
399 2946 462 2987 nos
483 2926 641 3005 reginam
659 2961 695 2968 —
717 2944 807 2985 sexu
823 2923 910 2984 virili
932 2943 1010 2985 esse
1027 2926 1092 2987 rati
1108 2945 1229 3006 regem

274 3062 457 3122 vocabant.
495 3060 534 3121 Id
553 3061 646 3141 quod
671 3057 859 3139 praecipue
885 3077 931 3118 ex
954 3056 1013 3119 illo
1029 3057 1230 3121 Aristotelis

274 3196 352 3257 loco
368 3193 583 3275 perlucidum
600 3190 647 3267 fit,
670 3190 729 3253 ubi
751 3191 795 3252 de
817 3189 944 3271 triplici
965 3191 1081 3271 apium
1098 3210 1230 3271 genere
1288 3199 1291 3208 '

274 3329 322 3390 ita
347 3327 483 3389 disserit
508 3328 550 3408 (v.
568 3347 600 3407 p.
618 3331 689 3405 760.
707 3324 737 3385 B
756 3344 771 3403 7
791 3325 844 3385 ed.
862 3323 964 3385 Bekk
977 3324 1005 3404 ):

338 3456 396 3535 ,Εὐ
417 3457 450 3519 δὲ
476 3456 591 3520 καὶτὸ
613 3455 686 3533 τους
712 3452 852 3540 βασιλεῖς
880 3452 985 3538 ὥσπερ
1013 3453 1232 3538 πεποιημένους

274 3583 323 3650 ἐπὶ
344 3586 497 3650 τέννιυσιν
520 3585 584 3651 ἔσο)
607 3585 718 3667 μένειν,
746 3578 929 3667 ἀφειμένους
954 3589 1019 3647 τῶν
1042 3578 1231 3667 ἀναγκαίων
