3014 4522
741 597 983 658 *156⁴-

384 774 428 852 (v.
451 770 608 836 Creuzer.
630 771 815 855 Symb.11‚
839 795 872 855 p.
892 779 965 853 586.
983 781 1063 854 587;
1091 774 1152 848 IV,
1170 795 1243 852 310.
1263 797 1337 855 31¹·

384 904 469 986 ssol·
492 941 536 950 -

449 1038 637 1102 Praeterea
672 1039 860 1121 Nymphae
897 1042 1022 1123 apibus
1061 1053 1207 1105 mortem
1246 1043 1337 1105 Leu-

383 1172 477 1254 cippi
511 1173 633 1254 apiarii
666 1174 823 1238 nuntiare
858 1174 1019 1237 iubentur
1053 1176 1086 1239 in
1119 1175 1337 1257 Anthologia
1409 1136 1411 1140 Ι

383 1306 504 1386 (Palat.
521 1307 601 1382 VII,
618 1308 710 1386 717):

424 1434 615 1520 Νηϊάδες...
637 1436 804 1520 μελίσσας

466 1564 560 1649 Οἱμον
582 1564 628 1630 ἐπ’
651 1567 783 1651 εἰαρινὴν
804 1565 922 1654 λέξατε
944 1567 1138 1652 νισσομένοις
1150 1618 1156 1631 .
1169 1618 1176 1632 .
1188 1619 1195 1633 .
1209 1570 1316 1632 κτλ.

448 1699 519 1762 Mel
547 1710 663 1763 autem
693 1700 826 1763 illarum
856 1703 1052 1783 symbolum
1079 1702 1178 1783 ipsae
1204 1702 1336 1763 libave-

381 1845 459 1896 runt
486 1834 521 1896 in
544 1834 708 1898 Meliboei
737 1834 922 1917 exsequiis
952 1856 1039 1916 quas
1061 1834 1290 1898 Nemesianus
1312 1833 1338 1906 Ι,

382 1972 433 2045 64,
458 1967 512 2030 his
535 1967 693 2031 versibus
721 1968 896 2050 depingit:

426 2120 547 2194 ,Felix,
571 2142 592 2182 o
614 2121 798 2197 Meliboee,
822 2122 910 2196 vale,
934 2121 997 2186 tibi
1018 2120 1149 2184 frondis
1169 2122 1299 2184 odorae

425 2252 572 2315 Munera
596 2255 665 2328 dat,
689 2255 806 2317 lauros
830 2274 987 2336 carpens
1011 2255 1133 2317 ruralis
1156 2253 1297 2336 Apelle,

426 2386 522 2449 Dant
545 2387 664 2462 Fauni,
688 2389 781 2469 quod
805 2387 952 2469 quisque
975 2388 1078 2462 valet,
1102 2388 1147 2450 de
1170 2389 1242 2452 vite

965 2541 1124 2585 racemos

426 2656 481 2717 De
506 2675 629 2738 campo
656 2657 788 2719 culmos
812 2654 973 2736 omnique
995 2674 1041 2717 ex
1062 2655 1186 2717 arbore
1205 2653 1337 2736 fruges

424 2790 496 2852 Dat
512 2791 717 2871 grandaeva
732 2789 837 2852 Pales
858 2788 1054 2870 spumantia
1076 2788 1215 2870 cymbia
1234 2788 1337 2863 lacte,

425 2924 532 2986 Mella
556 2925 670 2987 ferunt
693 2924 889 3006 Nymphae,
913 2922 1026 3003 pictas
1050 2922 1111 2984 dat
1134 2921 1238 2984 Flora

967 3017 1124 3129 coronas,

645 3240 652 3254 .
667 3241 674 3255 .
689 3240 696 3254 .
710 3239 717 3253 .
732 3192 816 3256 dant
840 3189 992 3252 carmina
1013 3188 1156 3252 Musae!

380 3325 485 3387 Mella
526 3336 707 3405 ,tanquam
742 3324 896 3404 ipsarum
932 3319 1132 3397 inventum’,
1167 3328 1205 3384 ut
1238 3329 1336 3383 recte

380 3460 488 3521 Titius
512 3459 756 3539 interpretatur
781 3458 838 3539 (ad
861 3456 1059 3518 Nemesian.
1083 3455 1159 3523 l.l.l.
1184 3490 1223 3499 —

446 3593 547 3654 Hanc
576 3601 720 3672 propter
748 3590 1004 3673 copulationem
1032 3588 1272 3672 Nympharum
1301 3597 1337 3650 et
