3014 4522
523 589 748 650 *954-

227 762 361 845 Quibus
390 766 494 827 rebus
522 749 627 847 poeta
656 765 773 847 apium
804 773 947 828 naturae
971 749 1115 828 'laudem

159 896 265 960 addit.
291 933 331 941 —

227 1031 402 1094 Diodorus
433 1042 549 1094 autem
574 1032 693 1093 Iovem
723 1031 764 1093 iis
793 1034 944 1096 colorem
973 1053 1115 1096 aureum

160 1165 298 1227 dedisse
323 1166 390 1227 hoc
415 1166 518 1227 modo
542 1176 659 1229 narrat
683 1166 737 1248 (V,
756 1186 797 1245 70
814 1187 847 1248 p.
866 1168 958 1248 387):

223 1314 276 1391 ,Τὸ
291 1314 325 1378 δὲ
338 1312 466 1378 πάντων
485 1313 746 1402 παραδοξότατον
764 1316 822 1380 καὶ
836 1315 1113 1401 μυθολογούμενον

159 1445 226 1530 περὶ
252 1451 317 1509 τῶν
343 1446 500 1530 μελιττῶν
527 1444 586 1508 σὺν
611 1441 696 1532 ἄξιον
725 1447 918 1531 παραλιπεῖν.
962 1447 1022 1511 Τδν
1048 1443 1114 1530 γὰρ

158 1576 235 1639 θεάν
258 1596 355 1659 φασιν
378 1570 547 1638 ἀθάνατον
567 1573 689 1659 μνήμην
708 1581 766 1659 τῆς
787 1576 860 1659 πρὸς
884 1572 984 1654 αὐτάς
1007 1577 1114 1640 οἰκειό-

158 1726 255 1789 τητος
270 1702 466 1792 διαφυλάξαι
485 1702 670 1789 βουλόμενον
690 1700 834 1793 ἀλλάξαι
856 1707 911 1789 μὲν
932 1705 991 1790 τὴν
1012 1706 1114 1790 χρόαν

160 1832 267 1898 αὐτῶν
281 1834 339 1898 καὶ
354 1840 484 1918 ποιῆσαι
498 1835 619 1929 χαλκῷ
638 1834 814 1919 χρυσοειδεῖ
827 1834 1114 1918 παραπλησίαν’....

160 1967 203 2049 (v.
220 1965 377 2031 Creuzer.
396 1966 516 2050 Symb.
535 1967 595 2042 IV,
614 1989 631 2046 3
637 1988 653 2046 5
659 1967 698 2049 5).
715 2003 760 2013 -

226 2113 345 2195 Atque
361 2113 558 2176 Antoninus
574 2112 744 2175 Liberalis
761 2114 890 2188 Iovem,
915 2122 952 2176 ut
975 2125 1113 2195 gratum

159 2268 196 2310 se
225 2249 425 2329 praeberet,
461 2258 596 2310 antrum
631 2246 756 2328 apibus
790 2267 925 2309 sacrum
954 2249 988 2309 in
1012 2247 1115 2311 Creta

158 2381 281 2443 ruitum
296 2401 374 2443 esse
391 2381 440 2443 ita
453 2381 557 2444 tradit
571 2380 716 2464 (Synag.
726 2382 958 2463 Metamorph.
972 2403 1048 2463 cap.
1061 2405 1115 2463 193

158 2535 188 2578 v.
208 2522 251 2576 et.
269 2514 403 2575 Boeum
421 2514 452 2577 d.
470 2514 585 2576 avium
601 2524 676 2576 ortu
692 2514 754 2596 H):

219 2663 269 2725 Ἐν
284 2661 396 2746 Κρήτῃ
417 2661 551 2745 λέγεται
572 2659 649 2726 εἶναι
669 2662 746 2746 ἱερὸν
765 2658 877 2746 ἄντρον
897 2664 1056 2744 μελισσῶν
1079 2662 1110 2730 ἐν

158 2813 184 2873 ῳ
203 2793 423 2876 μυθολογοῦσι
444 2797 545 2855 τεκεῖν
567 2791 657 2855 Ῥέαν
680 2792 733 2856 τὸν
755 2792 821 2870 Δία,
843 2791 900 2856 ναὶ
922 2791 1006 2856 ἔστιν
1028 2792 1110 2858 ὅσιον

158 2921 268 2987 οὐδένα
301 2923 474 3006 παρελθεῖν
509 2922 582 2987 οὔτε
614 2922 690 2987 θεὸν
719 2921 792 2986 οὔτε
822 2923 949 3006 θνητόν.
998 2923 1048 2985 Ἐν
1077 2923 1111 2987 δὲ

157 3052 261 3135 χρόνῳ
278 3047 488 3135 άφιυρισμὲνῳ
503 3053 618 3136 ὁρᾶται
632 3053 712 3115 καθ’
728 3050 866 3116 ἕκαστον
881 3049 950 3129 ἔτος
964 3052 1111 3116 πλεῖστον

158 3178 319 3263 ἐκλάμπον
342 3178 380 3244 ἐκ
401 3189 458 3245 τοῦ
481 3182 639 3266 σπηλαίου
660 3189 727 3266 πῦρ.
772 3183 873 3246 Τοῦτο
900 3182 934 3246 δὲ
955 3183 1111 3267 γενέσθαι

158 3312 401 3394 μυθολογοῦσιν,
424 3309 468 3375 ὅτ’
491 3307 530 3376 άν
553 3309 649 3398 ἐνιζὲῃ
671 3311 781 3376 τὸτοῦ
801 3311 868 3389 Διὸς
891 3309 928 3374 ἐν
949 3318 1006 3394 τῆς
1024 3313 1111 3396 γενέ-

157 3460 237 3518 σειυς
259 3437 349 3522 αἷμα.
391 3439 578 3525 Κατὲχουσι
600 3440 633 3504 δὲ
655 3440 693 3506 τὸ
715 3437 827 3524 άντρον
850 3442 929 3525 ἱεραὶ
955 3442 1110 3524 μέλιτται

157 3569 265 3653 τροφοὶ
286 3576 344 3632 τοῦ
366 3569 499 3648 neg..)
542 3573 726 3637 Cretenses
751 3595 834 3637 vero
857 3575 963 3637 Laius
988 3585 1023 3636 et
1046 3574 1110 3637 Ce-
