3014 4522
522 649 763 712 *1334-

233 825 303 888 Mel
331 845 416 888 vero
443 825 591 908 primum
614 826 749 902 mortis,
780 826 907 890 deinde
937 847 1120 891 conserva·

165 958 267 1022 tionis
291 969 504 1023 mortuorum
529 962 724 1046 symbolum
747 960 819 1025 fuit.

232 1092 272 1154 Id
288 1094 381 1175 quod
405 1114 425 1156 e
445 1093 564 1157 fabula
586 1094 654 1169 illa,
679 1115 769 1176 quae
787 1095 830 1157 de
848 1093 981 1161 Glauco
1004 1095 1121 1172 fertur,

166 1226 381 1307 perlucidum
405 1229 505 1291 nobis
529 1227 566 1292 fit
590 1230 633 1311 (v,
651 1227 792 1295 Grimm.
816 1231 984 1295 Deutseh.
1009 1230 1119 1313 Myth.
1158 1324 1160 1329 Ι

166 1381 200 1442 p.
217 1364 295 1436 660;
321 1362 466 1425 Menzel.
482 1362 604 1446 ‘Myth.
621 1363 764 1428 Forsch.
781 1384 815 1446 p.
832 1364 915 1445 207).

233 1494 399 1579 Hyginus
424 1496 515 1560 enim
538 1498 626 1561 haec
641 1496 755 1574 ,refert
779 1496 858 1580 (fab.
881 1497 970 1580 136):

234 1626 415 1705 ,Glaucus‚
451 1631 577 1694 Minois
605 1644 640 1695 et
668 1632 867 1713 Pasiphaae
901 1629 1004 1706 filius,
1040 1613 1121 1694 dum

166 1764 253 1826 ludit
275 1764 355 1846 pila,
380 1765 507 1829 cecidit
530 1767 565 1828 in
589 1765 719 1828 dolium
742 1755 845 1827 mel'le
869 1762 1029 1847 plenum!

232 1899 381 1962 Puerum
405 1900 440 1961 in
456 1901 557 1963 melle
582 1910 754 1962 mortuum
778 1899 812 1962 id
832 1899 945 1982 ipsum
969 1900 1018 1963 ita
1041 1899 1134 1963 con?

167 2034 330 2107 servavit,
354 2043 393 2096 ut
416 2033 474 2095 vel
497 2034 541 2096 ab
566 2033 674 2115 angui
689 2033 746 2095 vel
770 2033 814 2096 ab
839 2031 1053 2114 Aesculapio
1077 2035 1122 2096 ad

166 2167 274 2230 vitam
297 2176 421 2249 postea
444 2167 603 2231 revocari
625 2177 757 2248 posset.
796 2165 874 2249 Qua
895 2168 940 2230 de
963 2187 1000 2229 re
1023 2165 1123 2230 Clau·

166 2301 290 2364 dianus
314 2295 432 2365 scribit
457 2301 512 2384 (de
529 2301 615 2366 bell:
627 2299 705 2365 Get.
722 2301 818 2382 446):

165 2434 303 2508 ‚Dulcia
316 2435 420 2499 mella
433 2455 566 2510 necem,
578 2436 687 2497 vitam
700 2433 796 2497 dedit
808 2434 966 2498 horridus
979 2433 1123 2516 anguis!

235 2568 349 2631 Etiam
365 2568 421 2632 hic
440 2605 478 2615 -
497 2581 535 2632 ut
551 2589 665 2650 supra,
688 2567 749 2630 ubi
771 2570 815 2631 de
840 2567 967 2631 amoris
992 2567 1124 2630 deliciis

166 2704 417 2786 tormentisque
441 2704 677 2777 disseruimus
704 2739 743 2747 -
770 2702 862 2765 melli
888 2701 935 2765 fel
959 2701 1026 2764 alia
1049 2700 1124 2782 qui·

168 2841 250 2901 dem
274 2838 407 2901 ratione
436 2837 643 2919 opposuisse
672 2846 809 2900 veteres
833 2836 1000 2898 videmus.
1047 2831 1125 2915 Qua

166 2976 212 3036 de
229 2971 489 3054 comparatione
502 2971 716 3054 Porphyrius
733 2971 822 3032 haec
836 2970 939 3032 docet
955 2968 1010 3051 (de
1023 2967 1122 3032 Antr.

166 3108 211 3171 N.
223 3107 383 3191 XVIII):

230 3246 434 3331 ,Πεποὶηνται
459 3242 521 3330 ἤδη
542 3244 581 3309 τὸ
609 3245 681 3328 μέλι
706 3243 763 3308 καὶ
783 3239 932 3307 θανάτου
960 3239 1124 3326 σύμβολον.

166 3376 215 3440 διὸ
241 3376 298 3440 καὶ
324 3377 450 3459 μέλιτος
475 3374 608 3460 σπονδὴν
635 3381 699 3453 τοῖς
724 3371 879 3459 χθονίοις.
893 3369 988 3435 ἔθυον
1011 3375 1126 3455 (quem

166 3514 280 3576 mellis
297 3533 396 3576 usum
413 3533 496 3575 mox
511 3513 757 3593 tractabimus).
779 3506 837 3591 τὴν
855 3506 889 3568 δὲ
909 3503 1012 3590 χολὴν
1032 3501 1125 3590 ζωῆς.

164 3643 239 3728 ἤτοι
266 3645 302 3708 δι’
329 3641 441 3726 ἡδονῆς
469 3645 672 3726 αἰνιττόμενοι
700 3638 913 3724 ἀποθνήσκειν
940 3637 994 3701 τὸν
1021 3635 1126 3722 ψυχῆς
