3014 4522
532 584 773 645 &⁴145ss

172 759 284 842 Quem
308 762 422 823 locum
446 760 756 823 Drakenborchius
786 763 853 824 hoc
877 764 982 825 modo
1006 763 1131 826 acutis-

172 894 256 957 sime
277 894 524 976 interpretatus
548 904 601 958 est
626 896 667 975 (v.
685 896 730 957 ad
742 893 807 959 Sil.
824 896 899 960 Ital.
917 896 1016 970 XIII,
1035 919 1053 976 4
1058 895 1127 977 34):

238 1027 437 1104 ‚Manifeste
469 1029 615 1125 probat,
654 1029 737 1091 nihil
775 1030 868 1121 aliud
902 1026 1129 1111 μειλίσσεσθαι

173 1183 276 1245 quam
298 1158 371 1241 μέλι
393 1163 427 1224 in
447 1164 559 1225 ‘sacris
587 1174 799 1226 mortuorum
822 1163 977 1227 fundere.
1024 1164 1129 1228 Unde

173 1310 207 1364 et
230 1296 380 1380 μέλισσαι
403 1299 518 1361 dictae
539 1306 750 1362 mortuorum
768 1300 903 1361 animae
982 1295 1129 1380 μειλίχιοι

173 1429 243 1495 θεοὶ
266 1441 345 1496 sunt
368 1432 415 1494 dii
439 1431 633 1495 infernales'
658 1440 725 1495 etc.
750 1445 815 1496 etc.
830 1479 836 1494 .
852 1480 880 1494 ..
906 1470 947 1478 -—

239 1572 428 1635 Praeterea
456 1564 586 1651 ,Ἑκάτη
614 1567 736 1651 χθονία
766 1566 823 1632 καὶ
849 1565 968 1652 σελήνη
995 1563 1016 1649 ἡ
1044 1566 1128 1651 αὐτῇ

173 1703 258 1778 ἐστι’,
280 1714 318 1767 ut
334 1686 510 1767 Theocriti
533 1704 703 1785 interpres
720 1724 871 1786 graecus
896 1705 952 1786 (ad
970 1704 1070 1787 Idyll.
1084 1704 1127 1778 Π,

178 1840 227 1920 12)
252 1838 308 1900 ait.
355 1835 422 1918 Qui
447 1837 551 1900 etiam
576 1837 668 1918 (ibid.
686 1839 731 1899 ad
748 1837 847 1920 Idyll.
865 1838 907 1912 Π,
926 1837 979 1917 33)
1005 1838 1125 1900 docet:

172 1970 313 2053 ,Ἄρτεμις
342 1965 363 2051 ἡ
394 1965 478 2050 αὑτὴ
508 1971 548 2049 τῇ
574 1966 717 2051 Σελήννμο
758 1968 1000 2051 ,Quamobrem
1029 1970 1128 2033 Luna

172 2107 266 2189 apud
295 2104 511 2186 Aeschylum
546 2103 742 2186 (frgm.164
768 2104 821 2167 ed.
844 2106 991 2189 Nauck.)
1025 2100 1127 2186 ,ὄμμα

172 2239 310 2322 Λητῷας
338 2237 445 2321 κὸρης’
475 2240 680 2322 appellatur.
727 2239 888 2321 Denique
919 2239 1129 2322 Proserpina

172 2378 296 2441 eadem
332 2379 399 2440 dea
434 2388 508 2439 erat
543 2395 632 2457 quae
661 2372 833 2455 Luna-(v,
857 2373 990 2438 Nitsch.
1015 2373 1127 2457 Myth.

171 2512 347 2576 Wdrterb.
373 2532 398 2574 S.
425 2530 456 2572 n.
506 2509 667 2589 Proserp.
691 2519 772 2570 tom.
796 2505 830 2568 II
853 2528 886 2589 p.
905 2506 991 2586 303).
1050 2505 1128 2588 Qua

172 2666 249 2709 cum
279 2665 316 2708 re
344 2647 433 2708 haec
457 2642 630 2725 Porphyri
654 2642 762 2703 verba
792 2659 1001 2722 componere
1031 2641 1126 2703 volu-

172 2800 247 2843 mus
276 2779 320 2861 (d
338 2779 436 2841 Ant.r
454 2778 494 2839 N.
514 2779 580 2859 18):
612 2770 760 2856 σελήνην
786 2791 823 2833 τε
849 2769 948 2834 οὖσαν
974 2769 1128 2856 γενέσεως

171 2907 368 2995 προστάτιδα
395 2908 551 2992 μέλισσαν
581 2903 756 2988 ἐκάλουν(
757 2905 786 2969 οἱ
805 2903 1021 2985 παλαιοί).-
982 2907 1128 2991 Q-ui·

171 3050 236 3111 bus
257 3069 303 3110 ex
324 3046 640 3130 comparationibus
664 3044 824 3109 Hecaten
846 3043 1019 3126 tripIIcem
1047 3064 1127 3112 ean-

173 3185 252 3245 dem
276 3202 354 3245 esse
378 3201 419 3244 ac
436 3180 681 3261 Proserpinam
705 3191 740 3242 et
763 3179 912 3241 Dianam
937 3187 971 3241 et
991 3178 1127 3241 Lunam

172 3317 365 3398 colligimus
391 3316 433 3396 (v.
450 3315 582 3378 Nitsch.
600 3315 619 3377 l.
635 3313 656 3376 l.
674 3324 755 3382 tom.
773 3313 789 3374 I
813 3334 845 3395 p.
866 3313 949 3394 789).
994 3310 1128 3393 Quibus

172 3452 303 3512 deabus
339 3471 441 3533 apem
478 3450 678 3513 attributam
706 3447 826 3521 fuisse,
862 3468 908 3509 ex
938 3449 1016 3509 loco
1044 3446 1129 3509 Por·

171 3582 275 3666 phyri
298 3584 439 3646 laudato
462 3583 676 3663 perlucidum
701 3579 747 3644 fit.
776 3619 811 3626 -
