3014 4522
506 615 726 678 *994-

180 784 318 865 Ἀτθίδος
339 781 504 868 ἠδυτὸκοιο
526 788 747 877 περιθλίφασα
768 791 921 876 μελίσσης

180 916 357 1001 Δαιδαλὲην
380 913 477 998 ὠδῖνα
499 919 707 1006 πολυτρήτοιο
728 922 865 1008 λοχείης,

180 1046 282 1131 Κηρίοι
305 1046 473 1132 φωνήεντα
496 1052 587 1133 σοφῷ
605 1048 777 1135 κεράσασα
799 1053 967 1137 κυπέλλῳ]

208 1224 279 1290 Sed
304 1227 371 1289 alia
394 1228 527 1293 ratione
551 1231 619 1293 mel
643 1232 806 1294 hocloco
829 1241 933 1314 potus
957 1233 1092 1295 immor·

139 1361 282 1424 talitatis
316 1362 388 1425 fuit.
448 1363 599 1427 Futurae
635 1365 726 1427 enim
762 1367 980 1448 eloquentiae
1014 1387 1093 1449 pro-

47 1529 49 1534 ·
140 1495 273 1577 digium
305 1516 383 1558 esse
404 1498 481 1559 mel
510 1499 706 1579 putabatur.
760 1499 800 1561 Id
828 1502 922 1581 quod
951 1501 1093 1563 Nonnus

139 1628 172 1710 (l.
185 1628 206 1692 l.
219 1650 251 1694 v.
270 1629 345 1710 250)
370 1631 418 1693 ita
441 1630 563 1694 refert:

183 1805 271 1890 ,Τοίη
294 1804 347 1890 ἐἠν
369 1806 469 1891 Βερόη
491 1807 638 1892 Χαρίτων
660 1806 773 1888 θάλος,
797 1807 898 1874 εἴποτε
918 1811 1018 1895 κούρη

182 1936 365 2020 Λαρστὲρην
388 1935 529 2022 σίμβλοιο
552 1937 735 2022 μελίρρυτον
756 1935 836 2020 ἤπυε
858 1938 973 2023 φιυνην,

182 2064 342 2150 Ἡδυεπής,
365 2060 521 2150 ἀκόρητος
544 2065 699 2152 ἐφίστατο
722 2067 845 2153 χείλεσι
867 2068 995 2132 Πειθώ]

139 2242 242 2326 Quod
271 2265 373 2307 omen
405 2246 516 2308 mellis
544 2245 694 2309 faustum
723 2246 878 2308 similiter
901 2247 1094 2310 invenimus

137 2380 171 2441 in
196 2378 314 2442 fabula
331 2380 427 2456 lami,
451 2380 624 2463 Apollinis
641 2380 874 2461 Euadnesque
890 2378 965 2454 filii;
991 2402 1094 2462 quem

140 2514 310 2577 dracones
327 2515 429 2577 melle
451 2515 579 2577 aluisse
597 2513 767 2576 Pindarus
782 2515 849 2576 hoc
870 2515 973 2576 modo
990 2515 1095 2579 tradit

138 2644 450 2730 (Olym-wall

176 2805 301 2869 Ἦλθεν
337 2805 362 2869 δ’
392 2803 450 2870 ὑπὸ
485 2801 667 2890 στλάγχων
705 2800 754 2866 ὑπ’
784 2798 891 2883 ὠδῖνός
918 2807 948 2867 τ’
978 2801 1096 2888 ἐρατᾶς

604 2933 715 3015 Ἴαμος

182 3065 232 3144 Ἐς
247 3061 327 3150 φοίος
343 3063 474 3129 αὐτίκα·
489 3062 543 3129 τὸν
558 3063 614 3147 μὲν
628 3062 796 3149 κνιζομένα
811 3101 852 3110 -
866 3064 960 3127 Λεῖτε
974 3063 1094 3148 χαμαί·
1201 3062 1203 3066 '

610 3192 664 3258 δύο
686 3194 719 3258 δὲ
741 3195 934 3279 γλαυκῶπες
956 3193 1053 3258 αὑτὸν

182 3327 343 3409 Δαιμόνιον
371 3324 532 3411 βουλαῖσιν
558 3321 739 3410 ἐθρέψαντο
765 3321 933 3408 δράκοντες
960 3318 1097 3408 ἀμεμφεῖ

609 3455 661 3538 ’lul
681 3455 835 3538 μελισσᾶν
857 3454 1031 3537 καδόμενοι.
1055 3455 1095 3500 ’-

138 3605 254 3667 lamus
284 3624 368 3666 vero
399 3601 606 3665 adulescens
635 3602 670 3664 in
699 3602 897 3684 eloquentia
929 3601 1098 3685 egregius

904 3719 936 3789 7·
