3014 4522
769 575 987 641 *⁴6¹2*

395 746 481 834 Ἴδην
503 748 560 834 τὴν
582 748 735 836 Κρῆσσαν
757 749 875 817 ἐκείνου
896 758 954 818 τοῦ
975 751 1084 838 γένους
1111 757 1176 818 τῶν
1198 752 1358 839 μελιττῶν

402 878 479 944 εἶναι
499 878 691 966 ἰνδάλματα,
713 881 749 946 οὐ
763 878 871 948 πολλὰ
888 882 952 967 μὲν,
974 881 1052 948 εἶναι
1066 885 1092 948 δ’
1107 885 1167 962 οὖν,
1189 883 1246 949 καὶ
1260 879 1359 970 πικρὰ

401 1006 549 1097 ἐντυχεῖν,
572 1007 615 1090 ὡς
637 1008 760 1077 ἐκεῖναι
775 1012 875 1098 ἦσαν]
892 1051 932 1060 -

467 1181 535 1244 Hic
563 1182 657 1245 furor
686 1182 802 1264 apium
830 1183 1019 1266 praecipue
1045 1220 1080 1229 —
1109 1194 1148 1247 ut
1169 1204 1261 1248 nunc
1290 1184 1358 1246 fert

400 1316 517 1397 opinio
533 1316 758 1399 physicorum
775 1316 799 1387 i.
814 1337 843 1380 e.
862 1317 1120 1399 speculatorum
1132 1330 1356 1382 venatorum·

400 1471 468 1532 que
489 1460 632 1513 naturae
658 1451 700 1532 (v.
718 1471 774 1515 ex.
792 1470 821 1514 c.
838 1446 1115 1514 Schweinfurth:
1139 1451 1234 1526 „The
1256 1454 1357 1515 heart

401 1583 440 1646 of
459 1582 615 1663 Africa”)
640 1620 680 1628 —
706 1584 741 1646 in
765 1585 906 1666 cingulo
933 1585 1073 1648 australi
1096 1584 1276 1649 invenitur.
1312 1663 1314 1668 Ι

465 1742 582 1825 Quare
606 1744 712 1807 etiam
735 1744 874 1807 Iudaeis
897 1745 1074 1808 veteribus
1103 1765 1191 1828 apes
1215 1747 1354 1829 symbo-

399 1878 469 1941 lum
490 1879 703 1943 inimicorum
725 1900 802 1943 esse
821 1879 1039 1945 videbantur.
1079 1879 1119 1943 In
1134 1880 1258 1944 litteris
1277 1901 1355 1943 san·

361 2010 364 2016 ’
399 2013 463 2076 ctis
487 2014 578 2077 enim
602 2013 727 2077 dicitur
751 2014 819 2096 (lib.
836 2014 1025 2077 Deuteron.
1043 2013 1069 2089 Ι,
1087 2015 1159 2095 43):

465 2175 628 2248 ‚Locutus
645 2195 720 2236 sum
737 2185 772 2239 et
783 2195 852 2236 non
868 2174 1029 2238 audistis:
1048 2177 1111 2238 sed
1123 2177 1354 2239 adversantes

398 2310 544 2392 imperio
565 2309 706 2371 Domini
730 2319 765 2372 et
787 2319 960 2372 tumentes
984 2308 1149 2390 superbia
1176 2310 1354 2372 ascendis·

396 2445 440 2509 tis
463 2446 498 2507 in
522 2445 694 2507 montem?

465 2601 534 2668 (44)ι
559 2604 691 2685 ‚Itaque
715 2623 880 2685 egressus
900 2602 1148 2679 Amorrhaeus
1173 2604 1231 2687 qui
1255 2605 1353 2668 habi·

398 2743 496 2806 tabat
519 2741 553 2802 in
574 2740 747 2802 montibus
770 2749 804 2802 et
824 2738 963 2802 obviam
984 2740 1128 2802 veniens
1149 2711 1353 2822 persecutus

399 2886 453 2940 est
475 2896 552 2950 vos,
583 2875 671 2939 sicut
700 2877 813 2939 solent
840 2894 925 2956 apes
949 2875 1130 2958 persequi:
1167 2884 1202 2940 et
1226 2876 1353 2940 cecidit

398 3013 442 3074 de
466 3008 546 3073 Seir
568 3029 679 3091 usque
702 3007 854 3074 Horma?

464 3171 584 3254 Atque
619 3171 653 3233 in
687 3170 760 3233 libr.
784 3121 912 3233 Psalm.
936 3169 1087 3247 CXVII,
1109 3193 1147 3234 10
1184 3172 1351 3255 legimus:

398 3306 538 3382 ‚Omnes
571 3316 698 3389 gentes
732 3306 938 3369 circuierunt
972 3325 1045 3369 me:
1084 3316 1119 3368 et
1151 3309 1185 3368 in
1214 3308 1351 3370 nomine

397 3441 549 3516 Domini,
579 3441 659 3522 quia
687 3440 776 3504 altus
805 3460 880 3503 sum
908 3439 941 3501 in
966 3459 1091 3504 eos..
1116 3440 1182 3524 (12)
1207 3441 1351 3505 circum·

397 3577 568 3638 dederunt
591 3595 647 3635 me
671 3574 759 3636 sicut
783 3572 882 3656 apes’
897 3623 903 3636 .
919 3623 925 3636 .
939 3624 946 3638 .
962 3625 967 3637 .
