3014 4522
649 610 844 671 aa*

274 791 366 851 solus
391 787 567 870 propriam
593 787 657 849 sibi
681 788 849 849 rationem
874 789 1030 869 praebet,
1058 809 1225 870 magnum
1322 777 1325 783 ⁵

273 925 374 985 huius
398 922 607 1012 exemplum·
622 931 819 1004 sequuntur.
927 930 928 933 ’

340 1056 476 1118 Deinde
515 1057 548 1116 in
584 1055 768 1139 Georgicis
805 1057 953 1139 Vergilii
991 1058 1108 1138 paullo
1146 1069 1226 1140 post

275 1189 441 1252 Varronis
465 1192 524 1265 ‚de
548 1212 585 1254 re
609 1189 746 1254 rustica⁷
774 1191 899 1253 librum
928 1191 1064 1273 scriptis
1094 1191 1224 1254 fabula-

274 1344 348 1385 rum
361 1325 460 1406 lepos
475 1346 588 1387 rerum
607 1325 813 1388 naturalium
830 1327 1004 1407 gravitate
1021 1326 1225 1389 suavissime

274 1457 402 1519 mixtus
426 1459 525 1520 nobis
549 1468 705 1541 apparet.
746 1459 936 1523 Columella
959 1470 1074 1523 autem
1100 1471 1134 1523 et
1157 1461 1225 1522 Pli-

275 1591 350 1654 nius
388 1592 476 1655 sicut
510 1594 693 1670 Aelianus,
729 1595 901 1657 versatilis
943 1596 999 1656 ille
1034 1594 1225 1669 Romanus,

276 1725 333 1807 qui
356 1746 486 1807 graeca
509 1727 629 1810 lingua
652 1730 827 1803 utebatur,
863 1731 1026 1810 repetunt
1051 1749 1107 1802 ea,
1136 1748 1225 1809 quae

275 1860 422 1940 plurima
457 1862 589 1941 priores
629 1872 732 1924 antea
769 1861 939 1924 dixerunt.
997 1861 1147 1924 Accedit
1185 1861 1226 1922 iis

274 1995 361 2057 liber
384 1996 442 2069 ‚de
467 2007 565 2058 antro
589 1996 840 2080 Nympharum'
864 1997 1064 2079 Porphyrii,
1096 1996 1154 2078 qui
1181 1997 1226 2058 ad

276 2127 547 2211 significationes
576 2132 692 2212 apium
721 2132 901 2214 mellisque
932 2131 1139 2213 symbolicas
1169 2150 1225 2192 co-

275 2266 496 2345 gnoscendas
513 2266 654 2327 maximi
670 2267 834 2328 momenti
853 2276 914 2329 est.
955 2264 1032 2346 Quo
1049 2287 1095 2327 ex
1115 2265 1225 2346 philo-

276 2397 396 2478 soph0,
410 2419 618 2480 quamquam
635 2400 736 2463 tertio
749 2422 783 2482 p.
795 2400 870 2463 Chr.
887 2422 918 2464 n.
933 2401 1072 2463 saeculo
1088 2400 1226 2462 Romae

275 2531 421 2613 scripsit,
447 2542 562 2595 tamen
584 2534 628 2595 de
649 2534 893 2597 vetustioribus
915 2534 1126 2598 Graecorum
1151 2552 1225 2593 sen-

276 2665 390 2728 tentiis
421 2667 636 2729 coniecturas
664 2667 780 2762 facere
804 2668 897 2747 licet,
931 2668 1012 2751 quia
1036 2666 1227 2730 doctrinam

276 2797 491 2861 Platonicam
517 2802 735 2883 sequebatur.

344 2933 515 2996 Nonnulla
532 2955 578 2996 ex
594 2935 751 2998 Palladio
769 2957 917 3018 quoque,
935 2936 1047 3018 quarti
1064 2957 1096 3017 p.
1106 2935 1184 2998 Chr.
1194 2954 1226 2995 n.

278 3069 407 3130 saeculi
430 3078 570 3132 auctore
592 3070 641 3132 rei
665 3070 823 3143 rusticae,
847 3071 985 3132 tametsi
1002 3092 1021 3131 e
1038 3068 1228 3133 Columella

277 3203 377 3284 plura
401 3204 624 3284 excerpebat,
649 3226 670 3266 a
686 3203 785 3265 nobis
807 3204 981 3285 exquisita
1004 3213 1096 3265 sunt:
1121 3203 1228 3264 multa

277 3347 393 3400 autem
422 3357 468 3400 ex
491 3336 587 3399 libris
612 3336 906 3419 Geoponicorum,
935 3337 993 3418 qui
1017 3358 1038 3398 a
1062 3336 1227 3399 Constan-

278 3472 349 3535 tino
374 3470 532 3553 Septimo
556 3471 901 3554 Porphyrogennem,
925 3471 1133 3552 imperatore
1158 3468 1227 3550 By-

280 3605 467 3669 zantiorum
492 3606 616 3669 decimi
632 3627 664 3688 p.
679 3605 756 3669 Chr.
771 3626 802 3668 n.
828 3604 967 3678 saeculi,
997 3603 1133 3664 demum
1159 3602 1227 3664 col·
