3014 4522
518 596 738 656 ,ιι-414*

149 773 202 836 Ea
230 793 321 855 quae
344 772 536 836 Menzelius
564 774 632 835 hoc
659 772 762 835 modo
792 771 1037 855 interpretatur
1061 770 1103 853 (v.

149 906 262 990 Myth.
277 907 422 995 Forsch.
439 927 473 989 p.
490 906 580 988 178):
605 906 753 982 ‚Hesiod
773 906 1026 970 verwechselte
1047 905 1104 967 die

148 1041 316 1104 Drohnen
341 1041 402 1104 mit
423 1041 491 1103 den
507 1027 777 1104 Arbeiterinnen
800 1041 871 1104 und
893 1050 1002 1103 nennt
1023 1042 1103 1123 jene

150 1175 298 1258 miissige
321 1175 484 1251 Weiber,
512 1177 609 1240 die'se
637 1175 784 1258 fleissige
813 1176 983 1239 Mdnner'.
1031 1172 1104 1237 Sed

150 1313 256 1394 poeta
284 1310 368 1372 nihil
397 1309 490 1373 aliud
517 1311 583 1374 nisi
609 1310 722 1386 fucos,
751 1310 810 1393 qui
838 1310 987 1374 alienum
1009 1312 1104 1372 labo-

149 1466 222 1509 rem
247 1465 345 1509 suurn
369 1445 404 1508 in
427 1456 584 1509 ventrem
607 1454 750 1520 metant,
779 1445 980 1509 mulieribus
1004 1465 1104 1526 apes-

150 1599 218 1662 que
242 1580 430 1662 diligentes
454 1579 537 1643 viris
561 1579 688 1644 similes
713 1600 791 1643 esse
816 1582 967 1656 denotat,
990 1600 1104 1662 neque

151 1714 289 1778 omnino
313 1714 412 1778 fucos
442 1735 531 1778 sexu
553 1714 711 1778 muliebri
736 1736 814 1778 esse
839 1714 895 1779 ait.
942 1714 1104 1779 Ceterum

151 1850 328 1913 Hesiodus
357 1849 425 1913 alio
453 1851 531 1913 loco
558 1849 674 1913 fucum
703 1850 815 1913 otioso
839 1849 913 1911 viro
941 1849 990 1912 ita
1013 1868 1104 1912 com·

150 1994 250 2068 parat
274 1985 380 2066 (oper.
399 1992 434 2046 et
450 1984 534 2061 dies,
552 1984 647 2064 301):

192 2128 255 2211 ,Τῷ
275 2126 309 2192 δὲ
330 2126 402 2192 θεοὶ
423 2132 577 2212 νεμεσῶσι
598 2126 656 2192 καὶ
678 2122 792 2212 ἀνέρες,
815 2127 848 2208 ὃς
869 2150 924 2193 κεν
947 2124 1062 2213 ἀεργὸς

195 2259 275 2344 Ζώῃ,
296 2256 474 2342 κηφήνεσσι
494 2257 660 2343 κοθούροις
683 2255 802 2338 εἴκελος
823 2258 928 2343 ὁρμήν,

194 2384 234 2454 Οἵ
252 2410 289 2453 τε
311 2385 495 2472 μελισσάων
516 2384 665 2472 κάματον
686 2387 855 2474 τρύχουσιν
878 2383 988 2475 ἀεργοὶ

186 2519 456 2596 Ἔσθοντες’....

151 2653 228 2735 Quo
246 2674 292 2716 ex
306 2654 384 2717 loco
400 2653 607 2720 Menzelium
629 2673 692 2715 sua
707 2653 839 2716 ratione
857 2673 986 2734 cogere
1003 2673 1104 2735 opor·

150 2789 223 2864 tuit,
247 2787 344 2852 fucos
365 2789 459 2870 apud
476 2786 668 2851 Hesiodum
694 2808 781 2852 sexu
798 2787 887 2851 virili
911 2809 998 2850 esse.
1032 2788 1106 2850 Nos

150 2931 266 2986 autem
295 2939 364 2985 non
393 2921 603 2997 dubitamuS,
640 2921 722 3003 quin
751 2921 928 2984 Hesiodus
959 2930 1106 3003 utroque

150 3058 228 3120 loco
260 3076 384 3119 sexum
420 3055 575 3119 fucorum
611 3056 718 3119 nihilo
753 3055 867 3137 magis
902 3057 1106 3138 respexerit,

150 3211 254 3273 quam
261 3190 464 3274 Xenophon
474 3191 561 3254 locis
575 3211 680 3272 supra
690 3191 840 3254 laudatis
852 3210 975 3254 sexum
989 3190 1106 3272 apium

151 3325 266 3401 ducis,
293 3325 353 3388 ubi
384 3325 532 3388 eundem
557 3345 709 3388 errorem
731 3325 978 3408 Magerstedtii
1001 3344 1106 3386 anno·

150 3460 310 3524 tavimus
337 3497 378 3506 -

219 3593 320 3658 Hanc
344 3595 522 3677 ignaviam
548 3605 653 3677 atque
681 3594 838 3657 inertiam
863 3592 1017 3656 fucorum
1046 3593 1105 3654 ab·
