3014 4522
764 589 1003 655 *1764

406 770 567 846 Veneris,
597 771 785 846 Horarum,
813 772 1014 844 Parcarum,
1046 771 1213 852 Neptuni,
1245 770 1362 845 Panis

408 905 610 970 Occasionis
634 902 865 968 sacrificatum
890 925 978 968 esse.
1003 940 1046 950 —

471 1041 545 1104 Iam
561 1050 633 1103 tum
657 1038 865 1122 significatio
884 1039 1080 1122 symbolica
1103 1039 1218 1122 apium
1235 1039 1361 1103 mellis-

406 1195 473 1256 que
495 1174 633 1236 videtur
656 1174 834 1237 imminuta
855 1194 933 1236 esse
958 1185 993 1239 et
1014 1194 1056 1237 eo
1077 1174 1215 1257 quidem
1237 1175 1361 1256 magis,

405 1328 473 1389 quo
507 1328 620 1371 rerum
655 1308 860 1372 naturalium
897 1308 1050 1390 cognitio
1078 1328 1268 1391 progressa
1297 1319 1360 1372 est.

405 1437 639 1521 Quamobrem
687 1442 788 1505 huius
839 1442 1053 1523 symbolicae
1100 1442 1361 1524 contemplatio-

404 1569 456 1637 nis
494 1596 608 1638 rerum
644 1577 849 1639 naturalium
886 1596 1000 1656 pauca
1036 1576 1165 1639 indicia
1196 1597 1215 1638 e
1246 1577 1360 1639 medio

406 1729 494 1771 aevo
519 1709 637 1790 colligi
656 1718 810 1791 possunt,
835 1730 925 1791 quae
946 1711 1125 1791 complura
1141 1729 1205 1791 per
1220 1710 1359 1773 saecula

403 1844 437 1905 in
453 1841 647 1925 proverbiis
669 1863 715 1904 ex
736 1843 853 1925 apium
877 1843 1058 1925 mellisque
1082 1854 1205 1907 natura
1226 1843 1357 1906 haustis

405 1986 612 2039 conservata
643 1988 730 2042 sunt.
785 1977 913 2041 Nostr’a
943 1996 1027 2040 vero
1058 1988 1217 2059 tempora
1246 1996 1359 2059 paene

403 2112 447 2172 ab
465 2111 623 2174 omnibus
639 2110 694 2173 his
710 2111 964 2193 cognitionibus
979 2111 1028 2210 ita
1044 2112 1195 2175 alienata
1211 2121 1298 2185 sunt,
1322 2123 1360 2176 ut

402 2244 519 2324 apium
544 2245 760 2327 diligentiam
789 2244 969 2327 mellisque
994 2246 1201 2310 suavitatem
1225 2257 1359 2310 tanturn

403 2378 668 2452 celebraremus,
690 2379 756 2442 nisi
776 2380 903 2461 poetae
920 2379 1133 2462 antiquitatis
1153 2379 1256 2463 periti
1272 2379 1358 2442 anti·

402 2533 505 2594 quam
520 2511 808 2594 significationem
821 2513 1048 2595 symbolicam
1061 2513 1245 2595 aliquoties
1257 2533 1358 2575 reno·

401 2658 523 2710 varent
537 2649 578 2728 (v.
592 2647 734 2709 Menzel.
749 2646 861 2730 Myth.
872 2647 1013 2711 Forsch.
1032 2668 1064 2729 p.
1079 2666 1116 2709 22
1122 2666 1140 2726 3
1154 2648 1199 2708 ad
1215 2666 1230 2707 2
1236 2645 1299 2728 32).
1315 2684 1356 2692 —

468 2782 543 2844 Has
572 2782 617 2843 ob
646 2801 770 2844 causas
805 2779 1113 2863 investigatoribus
1142 2781 1356 2862 antiquitatis

401 2914 755 2997 explanatoribusque
771 2914 829 2976 illa
846 2916 1005 2998 symbola
1021 2918 1067 2978 ad
1083 2915 1358 2997 intellegendum

402 3046 556 3112 difficilia
588 3060 695 3113 erant.
747 3048 960 3113 Menetreius
995 3048 1085 3111 enirn
1120 3059 1155 3112 et
1184 3048 1356 3111 Bellorius

400 3184 503 3245 valde
542 3182 674 3245 ieiunas
719 3182 1023 3264 interpretationes
1059 3181 1235 3256 fecerunt,
1277 3202 1355 3245 cum

400 3314 589 3379 Creuzerus
626 3325 661 3378 et
690 3306 886 3380 Menzelius
922 3337 1029 3399 saepe
1067 3316 1168 3379 nimis
1203 3317 1355 3380 audaces

400 3449 607 3530 interpretes
631 3471 710 3513 esse
734 3451 926 3515 videantur.

466 3583 538 3645 Nos
578 3606 661 3647 vero
706 3585 825 3666 apium
864 3586 1044 3668 mellisque
1082 3585 1177 3667 apud
1215 3595 1354 3646 veteres
