3014 4522
524 603 764 667 *1254-

236 827 256 852 ,.
275 827 282 840 .
299 827 305 842 .
324 789 361 842 ut
391 798 575 861 saepe...
607 801 674 843 non
709 782 777 844 alia
811 782 964 845 suavitas
996 781 1118 862 visque

169 912 363 975 mortalium
387 912 488 976 malis
511 934 532 976 a
555 923 666 978 morte
690 914 866 989 vocandis
891 934 994 996 quam
1014 913 1121 977 divini

168 1046 327 1121 nectaris,
351 1045 431 1110 fiat!
454 1083 496 1094 -

236 1180 508 1263 Magerstedtius
536 1201 620 1244 vero
657 1183 688 1263 (l.
703 1183 723 1245 1.
744 1203 778 1265 p.
792 1199 845 1264 75.
863 1203 914 1262 ου.
932 1182 1003 1264 ιοο)
1031 1180 1121 1243 Plini

168 1314 277 1389 locos,
308 1314 365 1396 qui
395 1316 438 1377 de
467 1316 568 1378 melle
597 1315 631 1377 in
654 1317 826 1380 medicina
852 1316 978 1380 usitato
1002 1327 1119 1397 agunt,

170 1448 322 1529 collegit.
377 1447 436 1513 Sic
471 1451 575 1513 etiam
610 1450 644 1513 in
679 1452 830 1516 carmine
864 1452 922 1515 illo
957 1449 1119 1532 Orphi00‚

170 1584 263 1663 quod
282 1582 420 1647 Lithica
443 1585 669 1667 appellamus,
693 1588 762 1648 mel
785 1586 912 1648 morbis
936 1593 972 1647 et
990 1583 1129 1647 ventris·

170 1718 213 1798 (v.
231 1717 306 1798 499)
329 1728 364 1781 et
380 1719 555 1782 oculorum
578 1720 620 1801 (v.
638 1720 714 1802 664)
738 1720 869 1782 mederi
889 1718 1118 1801 praedicatur.

170 1848 249 1931 Qua
269 1852 313 1914 de
331 1871 369 1914 re
388 1852 525 1933 planius
546 1853 717 1916 disserere
740 1854 840 1917 nobis
863 1855 930 1915 hoc
953 1854 1030 1915 loco
1054 1871 1121 1914 non

168 1983 258 2059 licet,
283 1985 342 2047 ubi
366 1986 410 2047 de
434 1986 468 2047 vi
492 1987 566 2048 sola
596 1987 706 2050 mellis
730 2007 890 2050 sanorum
913 1986 1021 2048 vitam
1044 2005 1122 2065 pro·

169 2118 328 2200 rogantis
351 2118 529 2200 loquimur.
554 2157 596 2164 —

236 2251 314 2314 Hoc
351 2265 466 2316 autem
500 2263 585 2336 potu
624 2252 848 2316 saluberrimo
883 2251 1008 2316 Corsos
1044 2270 1121 2314 con·

170 2393 302 2447 stanter
330 2406 412 2448 usos
442 2406 519 2448 esse
543 2423 587 2433 —
611 2386 697 2450 sicut
721 2388 813 2449 Zeno
846 2397 880 2450 et
902 2385 1123 2449 Democritus

170 2527 205 2579 et
222 2519 332 2582 Pollio
357 2540 459 2582 senes
481 2556 525 2566 -
548 2519 753 2583 Athenaeus
777 2520 826 2582 ita
848 2520 954 2582 tradit
978 2520 1009 2602 (l.
1024 2519 1077 2598 l.):

235 2647 347 2727 ,Λύκος
370 2649 403 2712 δὲ
425 2649 647 2735 πολυχρονίους
668 2649 762 2734 φησὶν
785 2648 955 2728 εἶναιτοὺς
976 2647 1123 2733 Κυρνίους

170 2778 303 2860 (οἰκοῦσι
328 2779 353 2842 δ’
377 2778 461 2843 οὗτοι
481 2778 550 2864 περὶ
569 2779 693 2864 Σαρδώ)
716 2775 768 2844 διὰ
789 2779 827 2847 τὸ
849 2779 952 2863 μέλιτι
974 2774 1024 2842 ἀεὶ
1044 2781 1123 2863 χρῆ-

170 2909 263 2972 σθαι.
299 2910 447 2974 πλεῖστον
469 2909 503 2973 δὲ
524 2916 620 2974 τοῦτο
641 2911 764 2995 γίνεται
784 2914 857 2996 παρ’
880 2910 1003 2989 αὐτοῖς]
1020 2946 1059 2956 -

238 3056 288 3121 At
310 3069 403 3121 recte
420 3058 560 3140 quidam
575 3056 639 3120 viri
654 3059 748 3122 docti
763 3058 889 3122 Corsos
912 3059 1017 3141 ipsos
1040 3042 1124 3137 quo-

169 3210 245 3252 rum
269 3192 337 3252 mel
361 3190 487 3253 infame
502 3191 608 3255 fuisse
624 3192 803 3275 Vergilius
824 3193 906 3277 (Ecl.
925 3192 994 3266 IX,
1013 3187 1065 3272 30)
1091 3197 1125 3251 et

169 3323 300 3386 Plinius
316 3325 368 3406 (N.
381 3325 425 3388 H.
440 3325 564 3400 XXX,
583 3327 631 3407 ιο)
649 3337 683 3389 et
700 3326 868 3389 Martialis
885 3325 961 3407 (IX,
978 3343 1033 3404 27;
1059 3322 1124 3396 XI,

170 3477 230 3536 42;
255 3457 356 3532 XIII,
373 3458 444 3538 105)
467 3461 614 3533 tradunt,
638 3480 702 3522 usu
725 3460 836 3522 mellis
852 3457 982 3520 Corsici
1007 3456 1125 3519 diutis·
1193 3432 1198 3445 “

171 3592 257 3654 sime
286 3591 416 3655 vixisse
446 3593 621 3656 mirantur.
669 3591 802 3674 Quibus
831 3613 878 3655 ex
905 3589 991 3653 locis
1014 3588 1125 3652 Athe·
