3014 4522
527 614 746 677 ›tr-614⁴

242 787 395 874 Κέντροις.
439 788 478 854 Era
499 788 524 853 δ’
547 787 644 874 ὀφίων
665 783 781 873 φωλεὰ
802 788 1006 876 μεμφόμεθα,

199 918 317 984 Πείθεο
340 917 493 1004 Λυσιδίκῆ
515 918 572 983 καὶ
592 918 749 1005 Ἀμυντορι
770 919 849 1005 μηδὲ
870 921 1026 1004 μελίσσας

242 1049 356 1113 Αίνεῖν·
386 1042 549 1127 κάκείναις
571 1049 678 1133 πικρὸν
700 1047 802 1114 ἔνεστι
824 1050 913 1133 μέλι.’

224 1219 352 1283 Bianor
368 1239 452 1284 vero
469 1220 525 1303 (ib.
538 1219 603 1294 IX,
619 1220 693 1300 548)
710 1218 852 1283 filiolum
867 1221 961 1284 illum
977 1223 1112 1306 Amyn·

157 1353 242 1416 toris
264 1354 518 1438 Lysidicesque
542 1354 699 1418 similiter
721 1366 894 1418 mortuum
918 1367 1044 1420 cantat.

224 1499 343 1583 Atque
366 1502 473 1582 possta
495 1510 643 1584 uterque
667 1501 791 1584 apibus
821 1503 1001 1566 malevolis
1028 1505 1112 1568 iras·

156 1635 252 1700 citur.

224 1770 325 1834 Hanc
347 1782 490 1852 propter
506 1771 575 1833 vim
596 1791 683 1853 apes
706 1770 850 1834 multum
874 1772 991 1834 valere
1016 1782 1110 1835 vete·

156 1905 251 1968 ribus
269 1905 477 1969 videbantur
497 1915 701 1987 tantumque
722 1906 880 1969 timorem
904 1904 1111 1980 inficiebant,

155 2048 194 2102 ut
216 2038 332 2102 furore
356 2041 554 2103 aculeorum
578 2049 688 2104 totum
709 2041 877 2122 populum
901 2061 948 2103 ex
971 2040 1112 2104 sedibus

156 2172 334 2254 depulisse
350 2174 541 2239 tradantur.
581 2174 672 2237 Nam
695 2174 731 2236 in
746 2173 895 2237 Aeliano
917 2176 1006 2237 haec
1024 2173 1112 2256 legi·

156 2329 233 2371 mus
249 2309 305 2390 (A.
319 2309 361 2373 N.
374 2309 491 2384 XVII,
506 2310 559 2389 35)
571 2329 578 2371 :
593 2304 647 2382 ,Ἑν
661 2303 770 2389 λόγοις
781 2304 947 2388 Κρητικοῖς
960 2304 1111 2389 Ἀντήνωρ

155 2437 244 2523 λέγει
257 2441 298 2521 τῆ
312 2444 376 2503 τῶν
390 2438 597 2522 καλουμένων
611 2439 762 2504 Ῥαυκίων
776 2439 872 2518 πόλει,
894 2438 931 2504 ἔκ
945 2459 1026 2518 τινος
1045 2439 1112 2504 δαι-

154 2566 259 2651 μονίου
278 2565 448 2654 προςβολῆς
474 2565 675 2654 έπιφοιτῆσαι
693 2571 851 2654 μελιττῶν
871 2575 998 2654 σμῆνος,
1022 2565 1111 2654 οιίπερ

154 2695 206 2763 οὖν
231 2696 363 2782 ᾅδονται
384 2699 596 2784 χαλκοειδεῖς,
626 2697 884 2785 έγχριμπτούσας
911 2701 944 2765 δὲ
967 2697 1032 2786 ἄρα
1055 2701 1111 2765 αι’)-

153 2835 218 2908 τοίς
238 2824 283 2892 τὰ
308 2828 426 2914 κέντρα
449 2827 519 2894 εἶτα
543 2830 648 2914 μέντοι
666 2832 847 2916 πικρότατα
870 2832 984 2896 λυπεῖν.
1014 2831 1112 2916 ὦνπερ

154 2958 205 3025 οὐν
232 2957 367 3039 ἐκείνους
393 2959 452 3044 τῆν
485 2959 656 3047 προςβολῆν
684 2959 720 3025 οὐ
747 2961 901 3046 φέροντας
934 2957 1112 3046 ἀναστῆναι

155 3095 212 3174 τῆς
233 3091 381 3176 πατρίδος
402 3091 459 3156 καὶ
480 3090 586 3175 μέντοι
609 3090 667 3156 καὶ
688 3087 720 3169 ές
745 3097 850 3176 χῶρον
873 3089 980 3157 ἐλθεῖν
1002 3087 1111 3168 ἄλλον,

152 3219 209 3284 καὶ
235 3221 353 3286 οίκίσαι
379 3221 471 3306 φιλίᾳ
496 3226 554 3304 τῆς
576 3221 736 3305 μητρίδος,
760 3217 814 3284 ἵνα
835 3221 1001 3305 Κρητικῶς
1028 3219 1111 3298 εἴποι,

152 3351 289 3429 Ῥᾶυκον,
312 3353 338 3416 εί
359 3351 416 3416 καὶ
438 3357 496 3416 τοῦ
517 3350 637 3437 χωρίου
656 3351 673 3417 ὁ
689 3351 808 3434 δαίμων
828 3348 964 3434 ἤλαυνεν
987 3351 1111 3429 αὐτούς,

154 3475 245 3546 ἀλλὰ
266 3488 345 3568 γοῦν
367 3482 487 3559 τελέαις
514 3476 766 3564 ἀποσπασθῆναι
792 3488 849 3545 τοῦ
873 3480 1027 3564 ὀνόματος
1049 3479 1112 3565 οὐχ

152 3609 379 3697 ὑπομείναντες.
412 3610 501 3697 λέγει
529 3610 553 3674 δ’
578 3612 595 3676 ὁ
616 3610 767 3696 Ἀντήνωρ
792 3612 851 3674 καὶ
873 3608 919 3672 ἔτι
940 3604 1031 3672 κατὰ
1053 3607 1112 3694 τὴν
