3014 4522
519 611 760 673 *1014-

227 836 320 862 .....
327 788 452 851 mihi..
467 837 473 850 .
488 837 495 850 .
517 787 596 850 illae
613 808 700 869 apes
715 808 783 850 non
800 799 952 852 montem
968 787 1114 871 Hymet·

159 935 231 987 tum
254 923 365 1006 thymi
388 921 472 984 flore
496 921 719 996 redolentem,
745 923 808 984 sed
825 923 1002 985 Musarum
1017 922 1115 985 Heli·

161 1056 255 1119 conis
296 1054 403 1118 colles
444 1055 537 1118 omni
573 1074 704 1136 genere
741 1055 918 1119 doctrinae
952 1057 1115 1131 virentes,

160 1191 304 1252 dearum
327 1189 488 1253 instinctu
506 1189 685 1270 depastae,
709 1189 857 1252 maximo
879 1189 1020 1272 ingenio
1042 1191 1114 1253 dul-

162 1322 299 1386 cissima
316 1324 480 1386 alimenta
497 1321 715 1404 eloquentiae
732 1322 896 1386 instillare
909 1322 1115 1398 videntur?—

226 1458 347 1520 Musas
376 1458 472 1538 ipsas
496 1465 613 1519 autem
636 1457 718 1530 mel,
747 1475 860 1518 rorem
885 1457 1113 1538 eloquentiae,

159 1595 193 1656 in
217 1613 256 1656 os
280 1591 353 1656 eius
376 1592 537 1666 fundere,
574 1611 677 1672 quem
702 1601 833 1666 amant,
860 1590 1037 1654 Hesiodus
1061 1590 1115 1654 his

159 1728 319 1791 versibus
343 1727 449 1790 tradit
474 1726 620 1809 (Theog.
638 1746 688 1788 vs.
708 1730 759 1798 81,
775 1729 825 1804 83,
840 1725 910 1807 84):

201 1857 335 1936 ,Ὅντινα
357 1855 525 1941 τιμήσουσι
546 1854 613 1935 Διὸς
634 1862 747 1940 κοῦραι
769 1852 923 1941 μεγάλοιο
924 1906 1009 1935 .....

202 1989 255 2071 Τῷ
276 1989 331 2073 μὲν
354 1986 402 2052 ἐπὶ
423 1987 561 2071 γλώσσῃ
584 1985 741 2072 γλυκερὴν
763 1985 902 2072 χείουσιν
925 1985 1035 2071 ἐέρσην
1146 2033 1147 2038 1

203 2120 267 2184 Τοῦ
289 2120 314 2184 δ’
338 2117 399 2184 ἔπε’
422 2115 460 2182 ἑκ
482 2118 644 2200 στόματος
666 2118 713 2201 ῥεῖ
733 2117 943 2203 μείλιχα·...’

160 2254 279 2336 Atque
302 2253 431 2315 ibidem
457 2252 499 2333 (v.
518 2250 588 2331 qo):

403 2431 486 2459 .....
492 2381 528 2447 ‘O
551 2382 576 2445 δ’
599 2379 709 2467 ὄλβιος,
732 2378 837 2444 ὅντινα
858 2382 986 2447 Μοῦσαι

202 2512 387 2577 Φιλευντοιι·
410 2511 552 2597 γλυκερὴ
575 2512 603 2577 οἰ
625 2506 687 2577 ἀπὸ
710 2512 870 2594 στόματος
893 2511 959 2595 ῥέεν
982 2511 1080 2596 αὐδὴ]

226 2664 280 2726 Ita
314 2664 434 2727 Musas
468 2665 522 2727 his
556 2664 642 2726 locis
683 2663 838 2727 similiter
876 2684 954 2726 cum
989 2664 1113 2745 apibus

160 2799 360 2863 coniunctas
377 2819 454 2862 esse
471 2800 628 2880 perlucet
644 2818 685 2861 ac
703 2819 817 2880 supra,
833 2798 893 2860 ubi
909 2798 953 2859 de
971 2797 1113 2860 coloniis

158 2933 374 2996 deducendis
399 2932 556 2996 diximus
601 2932 751 2994 Veteres
776 2932 866 2994 enim
895 2951 982 3013 apes
1010 2931 1113 2994 musi·

159 3087 219 3129 cas
237 3086 315 3130 esse
331 3076 474 3148 putasse
491 3068 580 3130 inter
598 3088 717 3130 omnes
734 3076 886 3130 constat:
904 3087 1112 3148 quamquam

158 3200 366 3265 Aristoteles
389 3202 507 3265 scribit
530 3202 573 3284 (v.
590 3205 624 3285 p.
638 3206 699 3281 627
718 3201 753 3263 A
775 3221 811 3279 ¹5
830 3201 883 3264 ed.
896 3198 1067 3280 Bekker):

200 3346 333 3408 Δοκουσι
356 3343 389 3408 δὲ
409 3344 532 3430 χαίρειν
554 3342 587 3408 αἱ
609 3343 757 3428 μέλιτται
777 3343 835 3408 καὶ
856 3346 903 3426 τῷ
921 3343 1040 3428 κρότῳ·
1067 3343 1112 3409 διὸ

157 3474 214 3539 καὶ
235 3474 420 3560 κροτοῦντες
442 3496 538 3559 φασιν
561 3470 721 3562 ἁθροίζειν
745 3470 848 3554 αὐτὰς
874 3475 916 3554 εἰς
937 3473 975 3539 τὸ
997 3479 1112 3559 σμῆνος

157 3602 325 3691 ὀστράκοις
346 3627 383 3671 τε
402 3604 460 3670 καὶ
481 3603 601 3693 ψήφοις.
625 3603 693 3670 ἔστι
715 3605 819 3690 μέντοι
841 3599 961 3690 ἄδηλον
983 3603 1065 3685 ὅλος
1087 3605 1112 3667 εἰ
