3014 4522
508 607 727 669 *754

142 788 247 849 etiam
276 786 309 847 in
333 784 436 846 melle
460 784 636 848 inventum
661 802 739 846 esse
767 782 882 857 nobis,
910 792 1095 864 postquam

142 921 232 984 illius
262 918 404 1001 originis
434 928 469 980 et
496 928 641 981 naturae
669 917 805 980 fabulas
830 915 1096 998 composuimus

143 1055 360 1139 perlucidum
384 1053 457 1118 erit.
483 1090 523 1098 -

209 1188 398 1252 Veteribus
414 1208 471 1250 res
488 1187 622 1250 divinas
640 1186 906 1268 respicientibus
924 1185 1007 1248 satis
1029 1206 1098 1248 non

143 1333 217 1387 erat
235 1323 444 1398 existimare,
460 1323 529 1385 mel
546 1342 666 1384 sucum
687 1341 734 1382 ex
749 1319 891 1382 floribus
913 1320 1097 1382 collectum

143 1459 188 1520 ab
205 1458 330 1541 apibus
347 1457 612 1539 confectumque
637 1476 724 1530 esse,
749 1456 812 1517 sed
828 1455 943 1536 potius
960 1476 981 1517 a
998 1456 1097 1517 caelo

142 1576 259 1666 fluere,
282 1611 398 1654 ceram
411 1611 494 1654 vero
507 1590 662 1654 viliorem
680 1602 714 1653 et
730 1600 903 1653 terrenam
916 1609 1003 1663 esse,
1021 1589 1040 1652 i.
1052 1609 1096 1654 e.:

144 1746 164 1787 e
179 1725 321 1788 floribus
345 1726 575 1808 arborumque
599 1725 749 1788 lacrimis
773 1723 867 1805 fingi.
904 1721 999 1804 Quas
1024 1722 1096 1803 opi·

144 1860 264 1922 niones
284 1858 494 1923 Aristoteles
516 1860 582 1923 hoc
609 1861 712 1921 modo
737 1859 843 1921 tradit
868 1861 912 1941 (p.
928 1878 989 1938 553
1007 1859 1037 1920 B
1057 1878 1094 1937 27

145 1995 197 2056 ed.
214 1992 384 2073 Bekker):

207 2142 342 2228 ,γίνεται
375 2143 409 2206 δὲ
441 2142 546 2227 μηρίον
575 2142 631 2226 μὲν
660 2141 694 2230 ἐξ
725 2137 865 2219 ἀνθέων,
898 2141 1037 2227 κήρωσιν
1064 2143 1098 2205 δέ

143 2272 287 2356 φέρουσιν
315 2268 378 2338 ἀπὸ
404 2280 461 2336 τοῦ
487 2272 625 2358 δακρὺου
647 2279 712 2336 των
739 2272 881 2358 δένδρων,
911 2272 983 2356 μέλι
1005 2271 1098 2336 δὲτὸ

143 2408 252 2467 πῖπτον
267 2400 305 2467 ὲκ
318 2410 376 2469 τοῦ
392 2399 483 2487 ἀέρος
501 2403 559 2467 καὶ
577 2401 723 2486 μάλιστα
744 2401 775 2470 ἐν
794 2410 864 2482 ταῖς
885 2409 950 2467 των
970 2399 1098 2488 ἄστρων

145 2533 303 2612 ἑπιτολαίς
329 2533 387 2598 καὶ
412 2532 491 2602 ὅταν
515 2532 718 2620 πατασιήήῃ
740 2531 761 2617 ἡ
782 2532 845 2618 ἶρις.
881 2511 992 2613 Ὅλως
1013 2534 1039 2597 δ’
1062 2533 1098 2597 οὐ

144 2662 265 2748 γίνεται
279 2663 351 2748 μέλι
365 2662 423 2748 πρὸ
443 2663 589 2743 πλειάδος
609 2662 761 2748 έπιτολής,
784 2664 838 2729 τδν
857 2664 912 2748 μὲν
933 2663 983 2730 οὖν
1003 2664 1098 2749 κηρὸν

144 2799 228 2871 acui,
250 2791 355 2877 ὥσπερ
378 2791 506 2878 εἴρηται,
530 2792 568 2859 ἐκ
588 2800 652 2859 τῶν
675 2790 815 2860 ἀνθέων·
840 2795 878 2861 τὸ
901 2795 935 2859 δὲ
957 2797 1029 2879 μέλι
1051 2794 1099 2860 ὅτι

146 2922 181 2987 οὐ
202 2927 287 3001 ποιεῖ,
314 2919 405 2988 ἀλλὰ
426 2924 512 3008 φέρει
533 2925 571 2990 τδ
592 2930 709 3003 πῖπτον,
739 2932 872 3010 σημεῖον.
904 2927 935 2991 ἑν
958 2929 1014 3010 μιᾷ
1033 2923 1098 3012 γάρ

144 3050 165 3137 ή
191 3054 222 3117 έν
250 3054 335 3120 δυσὶν
361 3052 491 3141 ήμέραις
517 3055 622 3140 πλήρη
658 3054 835 3140 εὑρίσκουσι
866 3053 911 3121 τά
940 3056 1043 3142 σμήνή
1071 3059 1100 3122 οἱ

145 3185 366 3272 μελιττουργοὶ
383 3186 517 3270 μέλιτος.
540 3185 587 3250 ἔτι
607 3187 640 3250 δέ
659 3193 716 3251 τοῦ
734 3187 917 3272 μετοπώρου
937 3184 1024 3272 ἀνθή
1044 3187 1099 3271 μὲν

146 3315 275 3402 γίνεται,
297 3316 369 3400 μέλι
391 3317 480 3395 δὀὔ,
503 3317 580 3382 ὅταν
604 3314 783 3402 ἀφαιρεθῇ]

213 3468 405 3551 Propterea
440 3473 508 3532 mel
543 3471 648 3546 ‚caeli
682 3474 787 3534 sudor
823 3472 897 3534 sive
926 3473 1098 3553 quaedam

146 3603 297 3667 siderum
321 3606 432 3668 saliva
456 3605 531 3668 sive
555 3606 737 3686 purgantis
762 3626 799 3667 se
824 3606 915 3671 aeris
938 3603 1054 3668 sucus'
1078 3627 1099 3668 a
