3014 4522
652 576 869 639 *234

285 754 319 815 in
344 755 476 816 honore
505 753 600 834 apud
623 762 761 816 veteres
784 752 938 817 fuissent.
985 752 1117 835 Quibus
1146 775 1237 816 com-

283 887 395 950 modis
420 887 628 950 enumeratis
649 887 818 950 Aelianus
842 889 958 969 pergit
983 888 1038 970 (A.
1050 888 1092 950 Ν.
1109 888 1151 962 ΙΙ,
1166 889 1236 970 57):

346 1030 424 1107 ,Καὶ
457 1026 631 1096 ἀποθανὼν
658 1031 693 1095 δὲ
723 1029 795 1117 βοῦς
822 1031 963 1116 γενναῖον
989 1053 1021 1094 τι
1041 1037 1154 1117 χρῆμα
1180 1032 1238 1095 καὶ

283 1156 472 1248 ἀξιέπαινον,
501 1160 649 1244 μέλιτται
674 1167 751 1246 γοῦν
778 1159 816 1223 ἑκ
844 1167 908 1224 τῶν
935 1159 1052 1225 ἐκείνου
1079 1159 1237 1248 λειψάνων

282 1287 469 1387 ἐκφύονται,
497 1289 579 1378 ζῷον
600 1290 833 1376 φιλεργότατον
861 1291 919 1354 καὶ
944 1296 1009 1355 τῶν
1031 1296 1161 1375 καρπῶν
1183 1292 1237 1356 τὀν

282 1414 410 1504 ἄριστόν
437 1441 474 1484 τε
500 1419 558 1485 καὶ
584 1419 758 1506 γλύκιστον
781 1415 959 1504 ἀνθρώποις
980 1417 1237 1507 παρασκευάζον,

281 1549 320 1613 τὸ
340 1549 429 1632 μέλι]
481 1551 571 1635 Quin
600 1553 704 1616 etiam
732 1551 898 1614 Libanius
928 1553 1041 1635 quarti
1064 1573 1098 1635 p.
1113 1551 1191 1616 Chr.
1204 1575 1235 1615 n.

282 1686 411 1750 saeculi
427 1696 547 1750 auctor
562 1688 739 1768 proprium
756 1686 887 1761 librum,
904 1687 962 1768 qui
979 1688 1089 1760 ,bovis
1101 1685 1233 1750 laudes'

281 1820 486 1896 inscribitur,
503 1821 706 1902 composuit,
730 1821 789 1884 ubi
813 1823 911 1903 (extr.
934 1843 959 1896 1,
978 1844 1002 1897 1,
1018 1841 1052 1903 p.
1067 1821 1119 1902 oo)
1144 1823 1233 1885 haec

280 1953 445 2036 legimus:
469 1947 563 2030 ,ἐστὶν
585 1947 606 2034 ἡ
628 1949 765 2035 τελευτὴ
786 1949 857 2036 βοὸς
878 1951 1028 2035 μελίττης
1049 1949 1190 2035 γένεσις’.

348 2087 434 2152 Cum
449 2109 533 2153 vero
556 2091 614 2153 ille
635 2092 700 2153 bos
717 2089 863 2164 divinus,
888 2089 987 2171 Apis,
1011 2090 1045 2151 in
1061 2088 1233 2172 Aegypto

281 2223 488 2298 celebratus,
528 2234 633 2305 atque
668 2227 758 2289 haec
793 2245 849 2287 ars
884 2225 1002 2306 apium
1043 2244 1089 2287 ex
1121 2224 1232 2286 bobus

279 2353 514 2419 faciendarum
544 2359 667 2421 eadem
696 2379 742 2421 ex
765 2369 858 2422 terra
881 2358 1039 2441 profecta
1063 2358 1120 2433 sit,
1147 2378 1231 2420 non·

278 2489 362 2552 nulli
389 2489 521 2554 inducti
549 2501 641 2567 sunt,
670 2501 708 2556 ut
733 2491 864 2575 ‚apem’
894 2494 937 2555 ab
966 2491 1065 2574 ,Api’
1097 2491 1230 2555 deriva-

277 2632 363 2686 rent.
401 2622 513 2705 Quam
530 2634 650 2689 contra
670 2647 743 2690 rem
760 2627 833 2707 Jac.
848 2625 1033 2723 Grimmius
1050 2626 1230 2709 (deutsche

278 2755 425 2839 Mythol.
442 2758 476 2820 II
499 2759 553 2821 ed.
579 2766 661 2839 1854
682 2780 715 2842 p.
730 2758 804 2840 659)
829 2770 924 2822 recte
952 2767 1062 2833 notat,
1097 2756 1229 2840 quanti-

277 2899 384 2953 tatem
412 2891 545 2973 primae
574 2891 694 2955 literae
723 2895 845 2955 horum
868 2893 1054 2955 verborum
1079 2928 1117 2938 -
1144 2888 1230 2974 apis,

278 3009 368 3105 [ipis
393 3060 433 3070 -—
459 3024 633 3090 diversam
658 3048 745 3091 esse.
782 3028 824 3108 (ν.
847 3026 927 3089 ibid.
953 3046 995 3089 ea
1018 3048 1108 3108 quae
1133 3028 1230 3089 addit

278 3161 321 3222 de
346 3179 451 3222 aureo
474 3160 532 3222 illo
555 3161 656 3223 bovis
684 3159 799 3242 capite
823 3181 891 3223 una
915 3180 992 3222 cum
1016 3161 1131 3224 multis
1155 3160 1228 3242 api-

276 3294 341 3356 bus
365 3294 480 3357 aureis
503 3294 651 3357 Tomaci
680 3295 820 3357 invento
848 3295 882 3356 in
907 3295 1067 3375 sepulcro
1091 3294 1227 3358 Childe·

275 3426 337 3490 rici
365 3427 473 3509 regis,
504 3427 563 3510 qui
591 3438 713 3510 quarto
737 3449 771 3511 p.
785 3428 862 3493 Chr.
875 3449 908 3492 n.
933 3429 1074 3492 saeculo
1090 3427 1226 3491 floruit.

276 3559 395 3641 Atque
411 3562 536 3623 eadem
553 3564 597 3625 de
613 3583 650 3625 re
667 3583 698 3627 v.
713 3563 870 3627 Creuzer.
885 3562 1039 3647 Symbol.
1053 3562 1104 3624 IV
1114 3583 1147 3645 p.
1164 3567 1221 3640 361
