3014 4522
781 581 1000 649 *cra

414 780 516 824 omen
529 761 682 825 terribile
696 783 773 826 esse
783 762 968 827 videretur.
993 765 1116 848 Itaque
1125 765 1368 832 Artemidorus

327 907 328 911 ’
413 897 519 959 tradit
537 895 724 979 (Oneirocr.
742 897 786 974 ΙΙ,
803 899 871 979 22):
894 894 1058 979 ,μέλισσαι
1072 904 1227 983 γεωργοῖς
1241 897 1297 983 μὲν
1311 899 1369 965 καὶ

410 1033 475 1106 τοῖς
497 1024 532 1116 ἐξ
554 1027 661 1092 αὐτῶν
684 1027 795 1114 ἔχουσι
815 1035 874 1113 τήν
897 1027 1052 1116 ἐργασίαν
1075 1026 1220 1119 ἀγαθαί·
1249 1041 1314 1116 τοῖς
1335 1035 1369 1101 δὲ

411 1153 523 1238 ἄλλοις
536 1155 691 1245 ταραχὰς
706 1160 894 1244 σημαίνουσι
912 1157 964 1226 διὰ
978 1162 1033 1228 τὸν
1047 1161 1170 1249 βόμβον,
1191 1164 1249 1230 καὶ
1269 1165 1368 1251 τραύ-

410 1311 503 1374 ματα
514 1285 566 1354 διὰ
576 1289 631 1356 τόν
645 1289 781 1376 κέντρον,
796 1290 854 1355 καὶ
868 1291 957 1357 νόσον
970 1289 1070 1359 διὰτὸ
1085 1293 1157 1377 μέλι
1171 1295 1295 1361 καὶτὸν
1308 1317 1367 1381 κη-

410 1422 478 1507 ρόν]
507 1423 641 1506 Quibus
658 1426 763 1490 etiam
779 1427 877 1501 haec,
894 1447 984 1509 quae
1000 1429 1186 1511 permagni
1201 1430 1367 1493 momenti

409 1560 507 1623 nobis
538 1571 631 1634 sunt,
660 1561 773 1624 addit:
802 1555 1084 1644 ,ἑπικαδεζόμεναι
1111 1559 1145 1623 δὲ
1171 1561 1212 1641 τῇ
1237 1561 1367 1644 κεφαλῇ

408 1699 465 1756 τοῦ
486 1692 620 1776 ὁρῶντος
635 1698 872 1777 στρατηγοῦντι
892 1692 949 1756 καὶ
969 1691 1207 1778 δημιουργοῦντι
1223 1688 1364 1779 ἀγαθαί,

406 1829 472 1903 τοῖς
493 1823 526 1887 δὲ
549 1818 660 1902 ἄλλοις
681 1821 814 1908 πονηραὶ
839 1821 897 1887 καὶ
924 1819 967 1901 ῶς
989 1819 1199 1888 ἑτιιιολὺότό
1220 1823 1321 1909 ὄχλου
1338 1821 1364 1908 ἢ

406 1953 465 2020 ὑπὸ
485 1959 693 2040 στρατιωτῶν
714 1953 934 2039 διαφθαρῆναι
955 1952 1144 2037 σημαίνουσι
1162 1953 1217 2020 τὸν
1238 1955 1363 2020 ίδόντα.’

406 2087 511 2152 Cuius
540 2088 761 2152 coniecturae
787 2108 928 2152 causam
955 2090 1045 2152 hanc
1074 2087 1195 2153 refert:
1225 2084 1363 2166 ,ἐοίκασι

405 2219 461 2303 μὲν
490 2213 557 2304 γὰρ
591 2218 683 2304 ὄχλῳ
716 2215 737 2302 ἢ
770 2190 903 2303 στρατῷ
934 2213 986 2282 διὰ
1019 2216 1057 2283 τό
1090 2214 1220 2304 ἡγεμόνι
1253 2216 1363 2282 ὑποτε-

404 2345 551 2434 τάχθαι·
590 2344 753 2434 ἁναίρουσι
785 2346 819 2413 δὲ
850 2343 902 2412 διὰ
931 2348 970 2414 τό
998 2353 1063 2428 τοῖς
1090 2343 1226 2435 ἀψύχοις
1254 2345 1363 2412 ἐπικα-

404 2478 585 2566 θέζεσθαι]
637 2482 737 2565 Quae
760 2484 870 2545 verba
899 2481 1071 2545 communi
1099 2491 1257 2545 veterum
1286 2501 1362 2544 sen·

406 2619 536 2683 tentiae
557 2619 675 2701 apium
695 2620 899 2682 mundarum
920 2616 1007 2679 miro
1027 2617 1132 2680 modo
1154 2625 1362 2699 repugnant.

405 2754 566 2835 Denique
587 2753 680 2818 idem
702 2764 823 2818 auctor
846 2754 890 2816 de
915 2752 1040 2836 apibus
1063 2751 1235 2814 somniare
1259 2746 1362 2813 omen

405 2887 556 2950 faustum
573 2887 737 2970 agricolis
758 2907 836 2951 esse
857 2887 987 2950 ibidem
1008 2886 1074 2949 hoc
1098 2887 1202 2948 modo
1225 2895 1361 2948 narrat:

404 3017 565 3105 ,ἐγνλείειν
597 3019 631 3083 δὲ
657 3019 812 3103 μελίσσας
841 3013 973 3104 ἀγαθόν
1002 3016 1060 3100 καὶ
1087 3011 1222 3101 ἀναιρεῖν
1249 3015 1362 3098 ὁμοίως

404 3147 536 3237 ἀγαθὸν
550 3156 636 3229 πᾶσι,
656 3149 739 3235 πλὴν
752 3155 817 3214 τῶν
832 3152 1003 3235 γεωργῶν]
1020 3187 1060 3194 -
1077 3149 1220 3214 Minime
1237 3149 1359 3212 mirum

403 3284 438 3346 id
460 3284 613 3366 quidem!
653 3283 743 3366 Quia
765 3283 943 3364 agricolae
967 3303 1053 3365 apes
1075 3283 1187 3346 mellis
1209 3281 1360 3346 faciendi

404 3438 510 3481 causa
534 3419 705 3481 colebant.
731 3453 770 3463 -
795 3415 876 3490 Sed,
900 3425 938 3479 ut
954 3416 1197 3480 Artemidorus
1220 3436 1360 3499 quoque

402 3552 462 3625 ait,
498 3571 565 3614 non
594 3553 735 3614 aculeus
766 3551 890 3625 solum,
927 3551 989 3612 sed
1019 3551 1124 3613 etiam
1140 3552 1221 3612 'mel
1251 3571 1359 3632 saepe
