3014 4522
766 612 985 674 *60*

398 793 527 866 bimuS,
566 791 663 864 illud,
703 791 732 853 si
771 810 873 853 omen
909 790 1013 854 medii
1049 791 1128 853 aevi
1164 793 1356 854 secundum

399 935 555 990 veterum
578 925 747 989 rationem
772 924 1020 988 conficeremus
1043 926 1209 989 alterutra
1232 926 1355 988 harum
1385 964 1393 975 ·

398 1061 648 1124 sententiarum
665 1068 823 1142 accepta,
846 1078 948 1121 omen
965 1057 1109 1121 Rolloni
1131 1060 1286 1122 oblatum
1310 1060 1355 1122 ad

398 1215 454 1258 res
470 1195 635 1257 militares
652 1195 790 1257 omnino
806 1213 875 1256 non
892 1194 1067 1277 pertinere
1088 1193 1211 1257 merito
1232 1193 1355 1257 intelli-

398 1349 571 1412 geremus
620 1328 693 1393 Sed
721 1338 878 1412 tempore
907 1328 998 1391 illius
1020 1328 1170 1393 Roberti
1196 1327 1356 1391 homines

398 1463 545 1547 fortasse
574 1463 642 1527 alia
671 1464 915 1547 superstitione
944 1466 1160 1528 tenebantur.
1211 1464 1355 1528 Utcum-

399 1619 466 1680 que
484 1618 568 1661 vero
593 1618 671 1662 sese
694 1618 751 1661 res
773 1599 891 1675 habet,
916 1607 1011 1663 certe
1033 1619 1054 1662 a
1069 1599 1248 1663 veteribus
1267 1600 1356 1662 haec

398 1732 596 1797 coniectura
620 1734 734 1798 aliena
756 1733 829 1797 fuit.

465 1866 503 1932 Si
528 1877 644 1932 autem
673 1890 828 1944 causam,
859 1889 919 1932 cur
947 1858 1034 1953 apes
1064 1868 1260 1952 symbolum
1287 1879 1355 1931 ter·

397 2003 485 2066 roris
509 2003 646 2079 fuerint,
676 2003 886 2086 quaerimus,
917 2023 960 2066 ea
983 2003 1018 2065 in
1042 2003 1153 2066 aculei
1175 2002 1211 2064 vi
1234 2013 1356 2084 patere

398 2137 550 2212 videtur;
586 2159 655 2220 qua
685 2147 721 2201 et
749 2138 907 2200 homines
936 2148 971 2202 et
994 2157 1103 2219 equos
1126 2135 1297 2200 interiisse
1321 2136 1356 2198 in

283 2291 284 2294 ¹
397 2272 597 2334 auctoribus
620 2272 797 2335 veteribus
820 2273 981 2355 legimuS.

466 2405 676 2470 Aristoteles
690 2406 780 2469 enim
794 2407 877 2470 dicit
889 2410 933 2491 (p.
944 2413 1018 2473 626.
1027 2408 1062 2472 A
1075 2428 1111 2472 22
1123 2408 1354 2490 ed‚Bekker):

397 2534 475 2614 ,Καὶ
499 2530 589 2616 ἵππος
614 2533 676 2622 ἤδη
702 2531 864 2605 ἀπέθανεν
890 2537 948 2606 ὑπὸ
972 2542 1154 2624 μελισσῶν.
1197 2544 1239 2607 Id
1262 2546 1356 2626 quod

399 2674 531 2738 Plinius
555 2675 609 2738 his
633 2676 749 2740 verbis
777 2677 883 2742 refert
907 2679 959 2763 (N.
973 2678 1018 2743 H.
1031 2679 1098 2754 XI,
1116 2677 1184 2760 19):
1222 2678 1298 2754 ,Est
1322 2677 1356 2740 in
1452 2759 1455 2764 .

399 2809 574 2893 exemplis
598 2831 707 2894 equos
730 2814 775 2875 ab
799 2811 840 2876 iis
865 2812 1012 2900 (apibus)
1036 2809 1196 2876 occisos’.
1219 2848 1257 2857 -
1304 2896 1306 2900 ¹

466 2944 586 3027 Atque
609 2954 755 3009 mortem
778 2947 1023 3011 Hermonactis
1046 2947 1146 3030 pueri
1167 2947 1356 3031 Antipater

398 3079 466 3141 hoc
505 3079 608 3141 modo
647 3080 752 3143 tradit
791 3079 947 3163 (Anthol.
971 3080 1083 3145 Palat.
1108 3080 1178 3156 IX,
1202 3100 1264 3161 30²
1299 3081 1353 3145 ed.

397 3212 575 3292 Diibner):
904 3175 907 3181 ·

441 3354 495 3433 ,Τὸ
516 3354 629 3441 βρέφος
650 3357 862 3442 Ἑρμώνακτα
885 3357 1107 3444 διεχρήσασθε
1127 3357 1279 3442 μέλισσαι

484 3486 566 3567 (met
587 3487 689 3567 κύνες)
709 3484 876 3573 ἑρπυστήν,
897 3487 994 3573 κηρία
1016 3487 1193 3573 ναιόμενον·
1305 3453 1307 3457 ¹

442 3613 591 3682 Πολλάκι
614 3616 639 3680 δ’
662 3614 697 3706 ἐξ
718 3616 822 3701 ὑμέων
844 3615 1006 3706 ἐψισμὲνον
1029 3614 1178 3699 chitoniti
1200 3620 1277 3698 αἰαῖ,
