3014 4522
517 619 735 681 Ριμ91-ιιι

151 797 304 858 nondum
318 804 615 870 commemoratur,
633 807 667 858 et
683 798 768 859 alias
781 795 915 859 fabulas
928 800 993 859 hac
1008 797 1051 858 de
1067 816 1104 858 re

153 930 318 992 collectas
345 932 439 1013 apud
464 930 612 995 Cerdam
639 892 684 994 ad
705 930 814 1014 Verg.
828 929 957 1014 Georg.
971 952 1003 1013 p.
1019 930 1103 1011 469).

152 1062 265 1145 Quam
293 1065 328 1127 in
354 1065 501 1128 insulam
529 1065 648 1139 Rhea,
677 1086 721 1128 ne
750 1063 918 1129 Saturnus
943 1103 983 1109 —
1009 1072 1046 1126 ut
1074 1063 1105 1126 ei

154 1209 229 1262 erat
255 1219 330 1262 mos
354 1235 398 1245 -·
420 1199 562 1263 filiolum
586 1201 782 1275 devoraret,
811 1201 931 1263 Iovem
959 1199 1106 1262 deduxit

152 1331 302 1415 fideique
319 1332 482 1397 Curetum
499 1337 544 1417 (v,
558 1335 692 1398 Nitsch.
705 1335 816 1417 Myth.
828 1333 1004 1397 Wdrterb.
1022 1355 1048 1396 s.
1062 1333 1105 1413 n.)

153 1467 334 1542 commisit,
364 1469 422 1550 qui
446 1468 560 1531 sonitu
584 1470 821 1550 cymbalorum
847 1468 889 1549 (v.
907 1468 1043 1530 Lucret.
1063 1466 1104 1540 II,

154 1607 234 1682 633;
253 1603 360 1686 Verg.
374 1601 503 1684 Georg.
520 1602 580 1676 IV,
598 1602 667 1684 151)
693 1612 728 1665 et
750 1600 889 1664 infantis
905 1620 1038 1674 vocem,
1061 1619 1105 1662 ne

154 1733 322 1800 Saturnus
350 1737 500 1811 audiret,
530 1736 754 1799 extinxerunt
778 1747 812 1800 et
836 1756 921 1818 apes
944 1735 1105 1806 nutrices,

153 1891 297 1952 quarum
321 1871 365 1932 de
389 1869 508 1932 auditu
532 1868 620 1932 infra
644 1870 868 1945 disseremus,
898 1869 1104 1932 allexerunt.

219 2003 294 2066 Has
318 2024 413 2085 apes
438 2024 528 2086 quae
552 2005 656 2067 mella
678 2006 713 2068 in
737 2025 776 2067 os
799 2005 894 2066 Iovis
919 2022 1105 2085 congesse-

152 2146 239 2210 runt,
256 2136 428 2219 Didymus
445 2138 545 2219 quasi
561 2138 712 2201 humana
727 2140 846 2219 specie
863 2137 980 2201 induit.
1016 2137 1105 2199 Nam

154 2271 197 2333 de
221 2270 364 2333 Melissa
393 2271 452 2334 illa
482 2292 587 2354 supra
610 2274 752 2336 laudata
775 2272 977 2335 Lactantius
1001 2292 1020 2332 e
1045 2270 1105 2333 Di·

153 2406 258 2487 dymo
287 2405 376 2468 haec
406 2405 521 2467 hausit
554 2405 667 2486 (instit.
690 2405 715 2478 I,
740 2403 808 2484 22):
851 2405 1037 2486 ,Didymus
1073 2404 1106 2465 in

152 2538 248 2599 libris
270 2530 454 2622 ἐξηγήσεως
475 2534 664 2618 Πινδαρικῆς
686 2539 749 2602 ait:
779 2538 943 2601 Melissea
966 2536 1105 2600 Creten·

154 2672 240 2734 sium
274 2690 397 2753 regem
427 2671 575 2752 primum
609 2672 674 2735 diis
710 2670 924 2734 sacrificasse
953 2692 994 2734 ac
1022 2671 1106 2733 ritus

152 2825 262 2868 novos
279 2825 526 2886 sacrorumque
542 2826 691 2888 pompas
711 2806 955 2870 introduxisse.
994 2805 1107 2868 Huius

154 2940 240 3001 duas
260 2937 366 3001 fuisse
384 2937 482 3014 filias,
506 2938 730 3003 Amaltheam
753 2952 788 3004 et
803 2940 991 3012 Melissam,
1017 2961 1106 3021 quae

153 3072 273 3134 Iovem
290 3092 435 3153 puerum
457 3074 599 3154 caprino
616 3074 706 3136 lacte
730 3094 771 3136 ac
788 3074 890 3136 melle
907 3074 1106 3147 nutrierunt,

153 3206 245 3269 unde
275 3206 415 3287 poetica
448 3206 507 3268 illa
539 3206 657 3270 fabula
689 3208 859 3289 originem
887 3216 1012 3282 sumat,
1047 3209 1107 3270 ad-

154 3340 292 3401 volasse
321 3360 408 3421 apes
439 3349 543 3421 atque
573 3360 612 3402 os
643 3341 742 3422 pueri
771 3342 874 3403 melle
903 3340 1107 3422 complesse,

153 3472 333 3536 Melissam
349 3493 435 3535 vero
452 3494 473 3535 a
489 3485 588 3556 patre
605 3475 752 3556 primam
769 3475 987 3538 sacerdotem
1003 3473 1108 3534 Matri

155 3607 309 3690 Magnae
326 3608 556 3683 constitutam,
574 3610 665 3671 unde
682 3609 797 3673 adhuc
814 3608 969 3671 eiusdem
986 3605 1108 3670 Matris
