3014 4522
748 619 988 680 *1172*

390 793 526 872 τῷναῷ
545 789 684 874 τοῦνομα
713 786 775 857 ἀπὸ
796 798 862 856 τοῦ·
878 793 1157 878 οἰκοδομήσαντος·
1191 790 1254 875 ἀπὸ
1275 792 1348 859 τοὺ-

391 941 448 985 του
482 920 515 984 δὲ
547 929 604 985 τοῦ
637 920 747 1006 Πτερᾶ
781 921 838 986 καὶ
869 923 958 988 πόλιν
990 924 1151 1011 Κρητικὴν
1181 925 1348 1012 προςθήκῃ

391 1047 583 1136 γράμματος
604 1049 808 1136 Ἀττεραίους
829 1052 926 1138 φασὶν
947 1052 1183 1142 ὀνομάζεσθαι]

460 1197 576 1279 Apem
615 1200 721 1281 igitur
759 1221 826 1263 non
862 1203 1049 1266 memoriae
1085 1224 1192 1268 causa
1226 1205 1350 1286 templi

377 1335 483 1399 illius
512 1336 556 1397 ab
586 1335 711 1417 apibus
740 1333 823 1407 facti
854 1337 887 1398 in
915 1337 1062 1400 nummis
1089 1336 1349 1420 Apteraeorum

393 1469 551 1533 videmus
581 1470 623 1552 (v.
648 1470 792 1534 Eckhel.
816 1472 924 1553 doctr.
946 1492 1037 1534 num.
1060 1478 1127 1533 vet.
1145 1471 1190 1546 II,
1214 1491 1248 1552 p.
1267 1492 1348 1551 3043

392 1622 483 1666 num.
508 1615 576 1666 vet.
603 1606 723 1666 anecd.
753 1624 786 1685 p.
812 1604 900 1684 143);
941 1605 1005 1666 sed
1039 1604 1120 1686 quia
1154 1603 1293 1686 Aptera
1328 1626 1350 1666 a

311 1812 312 1816 Ἰ
392 1737 499 1821 l³tera
533 1736 592 1799 illo
621 1737 794 1817 Delphico
831 1739 904 1800 viro
940 1738 1080 1801 condita
1115 1738 1252 1801 colonia
1285 1737 1351 1800 fuit

328 1905 331 1911 -
393 1869 624 1952 Delphorum,
655 1871 715 1933 ubi
743 1871 819 1952 apis
846 1891 915 1934 non
939 1872 1050 1934 solum
1075 1908 1116 1918 -
1140 1881 1178 1934 ut
1202 1871 1350 1934 vidimus

395 2039 433 2048 -
457 2004 613 2085 Apollini
636 2004 849 2068 medicorum
873 2007 949 2080 deo,
980 2007 1043 2068 sed
1067 2005 1172 2068 etiam
1193 2003 1350 2088 Apollini

395 2138 523 2221 Pythio
552 2159 651 2201 sacra
679 2148 761 2202 erat.
811 2138 938 2217 (Aliam
973 2137 1293 2220 interpretationem
1317 2160 1348 2202 v.

394 2293 450 2354 ap.
469 2269 636 2355 Stephan.
655 2292 679 2335 s
700 2273 857 2354 Aptera.)
882 2309 924 2318 -

462 2416 562 2497 Apes
599 2416 689 2478 enim
724 2416 911 2480 varietates
947 2417 1035 2478 caeli
1066 2427 1100 2480 et
1133 2416 1283 2479 hiemem
1316 2426 1352 2479 et

395 2550 540 2612 imbrem
561 2551 765 2632 praesagire
789 2552 960 2633 putabant
977 2551 1019 2632 (v.
1036 2548 1213 2613 Aristotel.
1238 2569 1273 2631 p.
1286 2553 1348 2629 627

394 2685 425 2746 B
446 2706 500 2760 10;
530 2704 563 2766 p.
582 2689 621 2763 83
628 2705 643 2764 5
667 2684 702 2745 A
724 2705 761 2747 22
786 2686 838 2746 ed.
857 2684 1015 2758 Bekker;
1045 2682 1145 2746 Arat.
1168 2694 1349 2765 prognost.

395 2841 425 2881 v.
447 2823 526 2900 296;
559 2818 695 2882 Aelian.
720 2819 762 2889 A.
783 2818 826 2882 H.
853 2789 957 2896 1,1'1;
991 2817 1034 2892 V,
1056 2816 1119 2899 13),
1153 2817 1202 2880 ita
1235 2828 1274 2881 ut
1306 2819 1352 2880 ad

395 2955 462 3016 hoc
486 2974 622 3029 munus,
652 2954 744 3036 quod
768 2953 959 3015 Pausanias
983 2952 1024 3015 iis
1048 2913 1217 3027 attribuit,
1245 2951 1351 3034 aptis·

396 3089 505 3151 simae
530 3108 607 3151 esse
632 3087 840 3151 viderentur.
887 3087 1053 3150 Boeotios
1077 3087 1177 3162 enim,
1202 3086 1261 3168 qui
1283 3085 1353 3149 iarn

396 3225 484 3286 duos
502 3242 566 3304 per
589 3242 698 3285 annos
722 3223 822 3284 imbri
847 3228 994 3303 egentes
1018 3221 1185 3285 auxilium
1209 3221 1253 3283 ab
1277 3239 1353 3283 ora·

396 3358 474 3425 culo
509 3357 671 3439 delphico
707 3356 904 3439 petiverunt
944 3356 994 3452 ab.
1025 3354 1204 3438 Apolline,
1239 3353 1353 3417 Leba-

397 3493 499 3559 deam
528 3491 596 3572 (ubi
620 3491 797 3574 Trophoni
826 3492 1003 3554 oraculum
1032 3489 1117 3571 erat)
1142 3488 1206 3564 ire,
1241 3488 1354 3551 iussos

398 3647 476 3689 esse
501 3637 621 3689 auctor
643 3625 700 3687 ille
724 3626 772 3689 ita
795 3624 898 3688 tradit
923 3623 1000 3705 (IX,
1017 3642 1051 3705 p.
1065 3626 1137 3701 605,
1155 3621 1220 3703 1o):
1266 3607 1270 3611 ’
