3014 4522
537 612 754 676 ..⁹474-

169 790 330 855 trucidati
338 753 357 854 'i
380 826 422 835 -
446 791 488 855 Id
514 792 609 873 ¹quod
637 790 767 855 factum
795 802 849 855 est
875 790 910 853 in
934 813 1054 876 pugna
1078 795 1123 856 ad

169 925 292 1008 Aquas
321 924 464 990 Sextias
501 925 694 989 commissa.
746 925 846 988 Haec
881 946 964 989 vero
1000 927 1137 989 ominis,

169 1059 376 1135 coniectura,
397 1080 475 1123 cum
493 1059 548 1122 his
565 1060 646 1122 solis
661 1059 748 1122 locis
764 1067 891 1134 exstet,
914 1081 935 1122 a
952 1062 1123 1123 communi

168 1205 326 1258 veterum
346 1192 480 1258 ratione
500 1194 614 1257 aliena
635 1203 688 1257 est
707 1213 822 1275 neque
838 1173 947 1257 uerba
963 1194 1123 1258 Creuzeri

170 1348 274 1410 supra
296 1329 438 1392 laudata
461 1329 595 1408 probat.

236 1461 442 1545 Obsequens
481 1472 598 1525 autem
631 1462 700 1524 iam
734 1462 838 1543 paulo
870 1473 951 1543 post
975 1462 1024 1549 (e.
1049 1463 1121 1544 1¹3)

168 1605 309 1679 praeter
332 1595 400 1659 alia
416 1595 579 1678 prodigia
604 1615 752 1658 examen
776 1595 893 1676 apium
916 1597 950 1658 in
975 1596 1121 1658 culmine

168 1729 326 1810 privatae
344 1732 465 1793 domus
487 1729 688 1793 consedisse
703 1729 816 1792 tradit.
853 1729 895 1791 Id
910 1730 1003 1811 quod
1020 1750 1121 1792 omen
1204 1811 1206 1815 .

168 1863 279 1926 dirum
295 1863 368 1943 fuit,
390 1883 468 1926 cum
485 1864 610 1925 eodem
626 1883 716 1925 anno
732 1861 893 1937 Romani,
913 1863 1121 1926 Macedonia

167 1997 347 2077 provincia
368 1997 404 2060 in
424 1997 516 2060 bello
537 1995 773 2059 Mithridatico
794 1997 986 2072 devastata,
1010 2018 1120 2079 grave

167 2131 330 2194 damnum
353 2130 563 2213 acciperent.
592 2168 629 2177 -

235 2258 477 2347 Quadraginta
511 2264 662 2346 quinque
697 2263 795 2326 annis
825 2273 906 2347 post
933 2265 1120 2348 Pompeius

165 2417 286 2480 pugna
302 2398 348 2460 ad
364 2397 569 2459 Pharsalum
586 2397 769 2460 commissa
785 2397 898 2461 victus
922 2399 956 2460 in
971 2398 1119 2481 Aegyp·

166 2543 238 2595 tum
262 2530 398 2615 effugit,
427 2530 487 2594 ubi
510 2511 711 2594 interfectus
732 2541 801 2595 est.
850 2530 955 2594 Cuius
979 2553 1120 2615 pugnae

166 2665 293 2727 malum
317 2674 480 2728 eventum
504 2683 653 2726 examen
680 2664 797 2747 apium
821 2670 1119 2747 praemonstrasse

166 2798 327 2862 Valerius
358 2799 534 2862 Maximus
570 2798 606 2880 (Ι,
624 2803 654 2873 6,
672 2799 720 2879 12)
757 2800 824 2861 hoc
859 2801 962 2862 modo
996 2798 1119 2863 refert:

166 2932 240 3008 ,Cm
271 2933 376 2996 etiam
399 2932 605 3014 Pompeium
629 2932 786 3014 Iuppiter
814 2933 1032 3014 omnipotens
1061 2935 1119 2995 ab·

165 3069 256 3131 unde
273 3076 462 3142 monuerat,
486 3087 530 3130 ne
548 3086 625 3130 cum
643 3065 679 3130 C.
696 3065 846 3130 Caesare
862 3066 1018 3130 ultimam
1038 3067 1120 3129 belli

165 3202 336 3266 fortunam
361 3168 514 3284 experiri
538 3204 774 3267 contenderet.
811 3203 966 3284 Egresso
988 3223 1008 3264 a
1028 3200 1119 3284 Dyr·

164 3337 308 3401 rhachio
344 3338 494 3400 adversa
533 3336 663 3418 agmini
704 3337 777 3399 eius
812 3335 954 3398 fulmina
989 3336 1119 3397 iaciens

165 3471 383 3534 examinibus
407 3490 512 3552 apum
537 3471 639 3551 signa
662 3472 880 3533 obscurando
906 3470 1019 3532 subita
1043 3470 1119 3532 tris·

164 3606 238 3670 titia
261 3605 446 3686 implicatis
470 3604 614 3667 militum
639 3604 781 3666 animis,
796 3652 803 3666 .
817 3653 823 3667 .
838 3607 855 3666 .’
