3014 4522
768 594 988 655 *264-

400 770 539 832 nionem
562 770 724 848 praebet,
756 790 859 850 quam
882 771 949 833 nisi
972 772 1162 835 dormitans
1186 773 1254 834 alio
1278 774 1355 835 loco

401 912 534 968 mutare
558 922 626 965 non
649 903 772 984 potuit.

468 1036 672 1118 Complures
695 1057 780 1098 vero
807 1038 903 1100 locos
926 1041 1108 1119 poetarum
1134 1040 1355 1115 Graecorum,

400 1172 460 1235 ubi
487 1191 573 1253 apes
603 1191 648 1233 ex
671 1172 763 1233 bove
792 1171 934 1252 genitae
958 1193 1036 1234 esse
1066 1173 1238 1254 dicuntur,
1273 1174 1355 1236 alibi

400 1305 601 1370 referendas
624 1324 715 1368 nunc
730 1305 922 1368 iterationis
938 1307 1102 1370 vitandae
1126 1329 1233 1371 causa
1256 1309 1354 1372 omit-

400 1451 513 1504 temus
534 1450 568 1502 et
585 1438 651 1501 hac
672 1439 770 1501 dere
793 1440 982 1503 sententias
998 1441 1238 1505 Romanorum
1263 1444 1355 1506 solas

400 1573 522 1655 paucis
547 1573 725 1635 addemus.

467 1707 668 1769 Aristaeum
692 1705 898 1782 Arcadium,
931 1706 1105 1788 Apollinis
1129 1708 1354 1792 Cyrenesque

399 1840 521 1913 filium,
551 1841 643 1903 hanc
677 1851 788 1903 artem
822 1839 996 1902 invenisse
1026 1840 1205 1923 Vergilius
1240 1843 1288 1906 ait
1321 1852 1357 1905 et

401 1985 548 2056 ‚tempus
574 1994 652 2038 esse
677 1995 720 2037 ea
743 1975 885 2036 inventa
901 1976 1071 2056 pandere'
1095 1976 1188 2039 canit
1213 1973 1354 2059 (Georg.

399 2109 461 2184 IV,
479 2108 572 2190 281):

489 2291 516 2306 ..
532 2291 560 2305 ..
585 2242 627 2318 ,si
652 2263 754 2324 quem
778 2243 895 2324 proles
920 2241 1088 2304 defecerit
1111 2241 1222 2304 omnis

420 2377 496 2439 Nec
509 2396 622 2459 genus
634 2378 726 2438 unde
739 2395 851 2438 novae
865 2375 981 2456 stirpis
993 2385 1178 2438 revocetur
1191 2375 1354 2439 habebit.'

399 2512 601 2592 Ibidemque
632 2510 830 2592 (295-315)
858 2509 1008 2592 legimus
1036 2509 1184 2591 primum
1213 2512 1279 2574 hac
1308 2512 1352 2573 de

398 2653 472 2706 arte
501 2652 692 2727 praecepta
715 2642 878 2724 Vergilii,
907 2642 1033 2704 deinde
1063 2642 1261 2726 (537—547)
1286 2644 1353 2728 Cy·

396 2798 512 2851 renes,
541 2798 631 2859 quae
656 2777 727 2839 filio
751 2779 823 2850 dat,
853 2787 925 2840 tum
954 2776 1155 2860 (548-559)
1179 2778 1354 2859 quomodo

398 2911 583 2974 Aristaeus
623 2912 711 2973 haec
746 2908 942 2991 perfecerit.
1002 2906 1101 2989 Quae
1136 2911 1250 2972 omnia
1284 2930 1353 2973 non

398 3046 541 3108 multum
565 3042 727 3107 differunt
751 3046 795 3112 ab
819 3042 869 3119 iis,
894 3063 983 3125 quae
1006 3043 1226 3106 Florentinus
1251 3041 1353 3125 (Geo-

398 3200 478 3261 pon.
494 3179 552 3241 lib.
568 3177 651 3253 XV,
671 3178 700 3258 2)
726 3189 761 3241 et
776 3177 967 3239 Kiranides
985 3177 1030 3258 (p.
1048 3176 1101 3257 93)
1124 3186 1159 3238 et
1174 3175 1266 3240 Aen.
1283 3176 1352 3241 Ga·

398 3333 502 3375 zaeus
527 3312 571 3393 (p.
587 3311 637 3391 21)
657 3313 792 3374 docent.
837 3311 890 3392 (V.
910 3318 954 3373 ct.
971 3310 1064 3375 Voss
1082 3312 1127 3373 ad
1143 3309 1277 3393 Vergil.
1293 3312 1313 3372 l.
1329 3311 1351 3373 l.

399 3454 433 3508 et
457 3443 619 3508 Ovidium
648 3445 681 3506 in
708 3445 850 3508 Metam.
873 3445 931 3507 lib.
955 3443 1038 3518 XV,
1061 3447 1233 3522 362-367
1260 3444 1352 3506 etin

398 3580 427 3644 F
430 3588 492 3642 ast.
505 3578 561 3641 lib.
574 3577 601 3656 I,
615 3578 795 3661 363-380).
829 3578 941 3640 Huius
957 3578 1024 3639 loci
1038 3575 1154 3640 Ovidii
1175 3574 1350 3639 adfinem:
