3014 4522
768 598 986 659 *42⁴-

401 777 548 840 solutam
571 775 831 858 perfectamque
854 796 975 859 pugna
998 777 1153 859 sequitur
1175 797 1293 839 eorum
1319 787 1354 840 et

401 910 527 991 apium,
544 929 633 992 quae
649 919 687 972 ut
703 909 881 992 Vergilius
896 911 1013 992 prodit
1029 908 1169 992 (Georg.
1184 910 1244 985 IV,
1261 910 1352 990 168):

401 1043 595 1126 ‚ignavum‚
629 1044 741 1119 fucos,
775 1063 883 1126 pecus
912 1065 934 1107 a
961 1044 1192 1125 praesepibus
1220 1046 1354 1109 arcent’

402 1178 443 1260 (v.
461 1178 552 1240 hunc
571 1198 660 1242 vers.
677 1178 768 1242 laud.
786 1178 1034 1261 ap.Coli1mell.
1052 1178 1117 1254 IX,
1135 1179 1194 1258 15).
1225 1179 1352 1262 Quam·

400 1314 519 1375 obrem
542 1312 641 1377 fucus
665 1313 834 1388 ‚immunis
858 1315 984 1376 sedens
1008 1289 1121 1377 aliena
1145 1315 1191 1377 ad
1213 1315 1352 1396 pabula’

401 1445 443 1528 (v.
464 1447 598 1529 Vergil.
618 1444 748 1529 Georg.
766 1446 826 1520 IV,
844 1447 918 1527 244)
951 1469 972 1510 a
999 1448 1177 1538 veteribus
1212 1449 1353 1531 saepius
1412 1489 1415 1496 -

399 1580 453 1643 fur
481 1601 584 1664 quarn
611 1580 711 1645 fucus
738 1579 1044 1644 nominabatur-
1067 1600 1167 1645 nam:
1203 1582 1270 1657 ‚fur
1293 1583 1352 1665 qui

399 1725 543 1778 vocatur
572 1716 647 1778 aliis
674 1713 788 1803 lucus'
811 1715 924 1778 Varro
953 1714 1068 1796 (R.R.
1085 1715 1210 1792 IH‚16,
1228 1717 1277 1798 19)
1305 1716 1353 1780 ait

400 1884 440 1896 -
464 1860 568 1932 atque
590 1850 638 1912 ita
659 1850 897 1931 spernebatur,
919 1856 958 1911 ut
977 1846 1120 1913 Servius
1144 1848 1201 1931 (ad
1216 1849 1351 1933 Vergil.

400 1983 546 2047 Aeneid.
565 1985 590 2059 Ι,
604 1982 679 2065 435)
708 1983 867 2047 nobiliori
893 2002 940 2045 ex
967 1984 1059 2046 bove
1083 1984 1173 2047 ortui
1201 1983 1274 2047 eius
1302 1984 1351 2047 in·

399 2080 523 2181 videns
538 2115 695 2193 affirmet,
712 2137 791 2181 eum
812 2137 858 2180 ex
875 2137 965 2200 equo
981 2115 1178 2199 putrefacto
1194 2118 1352 2200 genitum

387 2273 493 2336 esse,
528 2254 564 2316 id
587 2254 680 2336 quod
708 2253 790 2316 alibi
814 2252 858 2316 de
881 2252 1000 2334 vespis
1023 2237 1154 2315 homini
1176 2252 1351 2316 inutilibus

398 2387 557 2470 legimus
603 2386 764 2470 Pugnam
791 2406 875 2450 vero
899 2387 1021 2450 horum
1048 2385 1161 2449 furum
1190 2396 1225 2450 et
1247 2386 1350 2450 irata·

399 2543 473 2585 rum
487 2522 614 2604 apium,
631 2542 721 2604 quae
733 2520 897 2584 militibus
914 2521 1108 2604 comparari
1120 2522 1240 2597 solent,
1257 2524 1352 2614 apud

397 2657 592 2739 Vergilium
622 2656 778 2738 aliosque
806 2655 857 2718 rei
879 2655 1029 2719 rusticae
1058 2654 1247 2738 scriptores
1271 2658 1351 2719 sub·

397 2791 502 2854 tiliter
522 2791 748 2872 explanatam
770 2791 963 2853 invenimus
992 2791 1034 2872 (v,
1052 2790 1283 2872 Magerstedt.
1296 2791 1316 2854 l.
1329 2792 1351 2854 1.

397 2947 430 3009 p·
450 2926 513 3007 50)-
540 2961 580 2970 -

464 3061 555 3142 Apis
568 3070 693 3133 autem,
710 3080 788 3123 curn
800 3058 916 3124 fucum
928 3079 1050 3142 pugna
1065 3059 1243 3142 expellere
1255 3069 1351 3123 recte

396 3203 576 3278 putaretur
606 3205 641 3258 et
670 3193 743 3257 eius
773 3194 915 3268 castitas
939 3193 1183 3264 celebraretur,
1211 3193 1350 3275 symbo-

397 3332 467 3393 lum
502 3350 569 3391 non
598 3330 710 3391 solum
739 3327 942 3410 diligentiae
972 3337 1093 3392 contra
1115 3327 1293 3411 pigritiam
1315 3326 1351 3389 in

321 3451 325 3461 ’
397 3463 593 3526 hominibus
618 3462 791 3537 certantis
820 3464 883 3525 sed
907 3462 1012 3524 etiam
1036 3460 1206 3525 castitatis
1231 3469 1351 3524 contra

396 3599 573 3664 libidinem
602 3597 695 3661 facta
719 3607 780 3659 est.
829 3593 963 3678 Quibus
990 3593 1260 3677 cogitationibus
1282 3592 1350 3656 for·
