3014 4522
523 629 741 692 *534-

153 810 253 873 ferat.
289 810 404 873 Locus
421 808 620 891 perlucidus
640 829 754 891 neque
774 811 845 872 ulla
866 809 1108 873 emendatione

154 964 264 1027 egens
287 942 387 1007 nobis
410 943 547 1006 videtur
571 961 658 1006 esse.
684 979 723 988 -

220 1077 362 1159 Maioris
405 1077 602 1140 detrimenti
645 1073 865 1159 prodigium
895 1097 979 1141 sane
1025 1079 1109 1142 illud

153 1231 302 1276 examen
318 1212 435 1295 apium
452 1221 535 1287 erat,
560 1215 653 1295 quod
670 1212 730 1295 (A0
744 1212 799 1275 IX
815 1233 850 1294 p.
863 1211 941 1276 Chr.
955 1213 998 1294 n.)
1016 1214 1108 1287 circa

154 1367 233 1410 aras
256 1346 496 1410 Romanorum
520 1346 619 1411 favos
643 1345 750 1411 finxit.
796 1345 875 1428 Qua
900 1369 938 1411 re
965 1348 1013 1411 dii
1027 1369 1107 1415 ¹mo·

155 1501 275 1556 nuere‚
299 1489 337 1543 ut
360 1480 512 1544 Romani
536 1502 557 1544 a
581 1479 766 1545 Cheruscis
790 1491 963 1546 caverent.
982 1518 1023 1527 -
1039 1482 1107 1545 Dio

154 1615 295 1680 Cassius
308 1615 399 1678 enim
412 1614 517 1678 refert
530 1614 633 1698 (LVI,
647 1615 715 1696 24):
732 1610 784 1690 ,Τό
799 1633 836 1676 τε
849 1607 915 1698 γὰρ
929 1608 1036 1692 πάθος
1050 1612 1109 1677 οὐκ

155 1741 230 1813 ἄνευ
245 1746 403 1830 δαιμονὸου
417 1744 498 1825 τινὸς
513 1745 609 1831 ὀργῆς
623 1745 680 1810 καὶ
701 1745 787 1832 μέγα
803 1745 887 1812 οὕτω
908 1746 966 1812 καὶ
988 1741 1108 1832 ἀθρόον

154 1875 256 1944 ἐδόκει
277 1878 306 1942 οἱ
328 1878 515 1962 (Augusto)
538 1877 718 1962 γεγονέναι·
750 1877 807 1943 καὶ
828 1878 948 1963 προςὲτι
973 1877 1030 1942 καὶ
1050 1877 1110 1944 ὑπὸ

154 2014 221 2074 τῶν
233 2006 378 2094 τεράτων
392 2015 457 2074 τῶν
477 2009 536 2095 πρὸ
555 2031 593 2073 τε
613 2014 672 2093 τῆς
692 2005 793 2093 ἥττης
814 2008 872 2074 καὶ
893 2005 979 2092 μετὰ
999 2000 1109 2074 ταῦτα

155 2136 336 2226 συνβάντων
351 2140 449 2227 δεινὴν
464 2140 598 2229 ὑποψίαν
620 2138 651 2220 ἐς
669 2139 708 2206 τὸ
726 2142 814 2207 θεῖον
829 2139 987 2227 iuvari...
1025 2143 1107 2226 Qui-

154 2283 220 2344 bus
242 2280 278 2343 in
292 2279 461 2364 portentis
477 2282 544 2344 hoc
564 2279 775 2342 invenimus:
798 2273 963 2358 ,μέλισσαὶ
983 2296 1020 2339 τε
1041 2275 1109 2361 περὶ

154 2410 228 2492 τοὺς
242 2410 366 2497 βωμοὺς
381 2410 489 2475 αὐτῶν
501 2414 761 2497 (Romanorum)
777 2411 874 2496 κηρία
889 2404 1107 2476 diviniorem!

156 2585 198 2596 -—
219 2549 334 2612 Varus
357 2560 474 2614 autem
498 2549 723 2614 absArminio
746 2550 952 2634 profligatus
976 2560 1039 2614 est.
1064 2587 1107 2597 -

221 2694 320 2761 Sicut
353 2697 468 2762 locum
492 2697 668 2762 Ciceronis
701 2698 934 2772 laudavimus,
969 2698 1004 2760 in
1039 2718 1107 2780 quo

156 2852 305 2896 examen
327 2832 443 2916 apium
462 2853 531 2897 non
555 2833 665 2895 solum
689 2831 861 2907 militibus,
885 2834 949 2895 sed
969 2831 1107 2896 omnino

154 2985 210 3031 res
240 2968 407 3030 adversas
431 2968 650 3050 portendisse
677 2968 842 3050 legimus;
878 2967 927 3030 ita
949 2987 1040 3030 nunc
1066 3002 1107 3012 -

155 3121 199 3164 ne
223 3101 380 3165 ordinem
403 3113 597 3185 temporum
625 3102 858 3184 relinquamus
883 3139 922 3148 -
948 3101 1035 3165 duos
1058 3102 1107 3165 lo·

155 3255 229 3311 cos,
257 3237 317 3299 ubi
339 3236 376 3300 id
392 3247 572 3301 ostentum
596 3238 715 3301 clades
738 3257 806 3301 non
831 3237 992 3319 sequitur,
1022 3234 1106 3301 affe·

153 3391 278 3434 remus,
302 3406 346 3417 -

219 3504 336 3568 Uvam
360 3504 476 3587 apium
501 3506 616 3588 (quam
640 3507 935 3590 comparationem
956 3527 987 3570 v.
1009 3516 1052 3570 et.
1072 3505 1107 3568 in

152 3638 375 3714 Hom.11.11‚
394 3660 450 3720 293
476 3640 562 3705 Plin.
579 3642 620 3706 N.
634 3641 678 3704 H.
695 3641 760 3716 XI,
782 3647 836 3716 18;
861 3640 949 3705 Aen.
967 3639 1107 3705 Gazaeo
