3014 4522
706 605 1000 671 *soe

395 785 420 859 I,
438 808 493 864 44,
530 785 589 848 ubi
619 785 757 848 omnino
784 785 902 849 variae
926 787 1043 869 apium
1071 786 1213 850 fabulae
1244 788 1350 871 inspi-

395 917 548 1001 cientur).

460 1053 531 1117 Mel
555 1055 685 1117 aerium
705 1037 792 1117 'vero
809 1053 1021 1118 Graecorum
1037 1055 1349 1140 Romanorumque

393 1188 441 1250 ita
457 1208 535 1251 cum
557 1209 683 1251 manna
698 1190 907 1252 Iudaeorum
930 1201 1169 1278 comparatum
1190 1191 1349 1253 videmus

392 1325 486 1404 apud
510 1321 654 1387 Suidam
678 1324 758 1405 (s.v.
776 1313 892 1403 ἀκρές);

455 1502 474 1530 ,.
487 1503 493 1516 .
506 1503 531 1516 ..
549 1452 679 1517 Ἥσθιι
702 1453 735 1517 δὲ
767 1449 898 1539 ἀιιρὶδοις
925 1454 942 1519 ὁ
971 1406 1150 1539 Πρὸδρομος
1187 1456 1245 1520 καὶ
1277 1455 1349 1538 μέλι

391 1578 502 1666 ἄγριον
531 1590 573 1670 (v.
597 1588 631 1649 in
651 1589 699 1650 lit.
722 1600 831 1650 sanct.
848 1588 969 1673 Matth.
988 1588 1054 1663 ΙΙΙ,
1073 1612 1109 1668 4;
1134 1589 1241 1651 Marc.
1258 1589 1289 1662 Ι,
1306 1589 1348 1663 ὁ),

390 1716 463 1802 ὅπερ
495 1713 557 1783 ἀπὸ
588 1725 652 1782 τῶν
684 1719 814 1804 δένδρων
851 1718 1114 1804 ἑπισυναγομενον
1150 1715 1253 1802 μάννα
1283 1723 1348 1795 τοῖς

389 1851 516 1928 πολλοῖς
538 1850 825 1934 προσαγορεύεται]

457 1993 576 2075 Atque
606 1994 710 2057 etiam
739 1994 773 2056 in
804 1994 975 2057 Hadriani
1003 1993 1090 2056 Iunii
1113 1993 1242 2057 Medici
1273 1994 1345 2056 ani·

388 2128 650 2191 madversorum
666 2129 754 2191 libro
771 2128 873 2192 tertio
896 2128 982 2211 (cap.
1002 2149 1031 2207 9.
1050 2128 1156 2192 Basil.
1173 2127 1344 2207 MDLVI)

389 2264 477 2325 haee
501 2262 669 2343 legimus:

451 2397 592 2470 ,Locum
622 2397 745 2478 accepi
772 2396 877 2459 fuisse
905 2395 940 2458 in
967 2416 1077 2478 regno
1101 2397 1343 2479 Neapolitano

388 2531 676 2613 praestantissimi
716 2531 827 2593 mellis
867 2531 951 2593 aerii
990 2533 1095 2614 (quod
1128 2523 1238 2613 ἄγριον
1271 2528 1345 2611 μέλι

388 2663 523 2741 δυὶἀειε,
547 2656 649 2746 ἀέριον
673 2665 834 2742 Galenus
862 2666 990 2747 vulgus
1014 2665 1190 2729 hominum
1213 2666 1343 2732 Manna

385 2802 539 2864 nominat
568 2821 588 2862 a
612 2821 700 2863 voce
723 2800 889 2863 Hebraea
916 2798 1027 2876 ‚Man’
1056 2822 1147 2884 quae
1177 2803 1343 2884 generice

386 2936 513 2997 donum
538 2934 721 3016 significat)
746 2945 918 3017 proventu
941 2936 1102 3010 nobilem,
1126 2956 1229 3018 quem
1250 2936 1342 2999 Nea-

385 3070 529 3150 politani
553 3090 659 3152 reges
675 3080 846 3152 perpetuo
868 3089 965 3131 muro
988 3070 1218 3133 claudendum
1244 3091 1341 3134 cura·

384 3213 523 3278 verunt,
552 3204 718 3267 incertam
747 3205 791 3266 ob
822 3224 963 3267 causam
992 3204 1067 3267 sive
1095 3204 1234 3267 uberior
1262 3225 1341 3287 pro·

384 3351 509 3402 ventus
540 3349 645 3419 atque
670 3323 750 3400 iride
773 3339 925 3420 optimus
948 3339 1094 3415 reditus,
1126 3340 1200 3402 sive
1224 3339 1342 3422 purior

385 3472 457 3532 eius
494 3470 652 3534 collectio
689 3492 748 3533 eos
780 3475 848 3535 huc
888 3473 1096 3536 stimulavit:
1133 3493 1340 3556 quacunque

383 3607 523 3667 tandem
553 3607 597 3668 de
622 3626 727 3668 causa
751 3607 927 3688 denegato
952 3607 1043 3669 illius
1073 3618 1236 3671 contactu
1261 3628 1340 3670 coe·
