3014 4522
765 586 983 648 ...7οψ

400 762 571 825 examinis
606 763 872 846 rempublicam,
913 785 1002 846 quae
1042 765 1142 827 unius
1178 773 1353 849 potestate

399 896 539 978 regitur,
557 916 659 958 omen
675 896 826 960 faustum
851 898 896 960 ad
913 898 1156 981 accipiendum
1170 899 1353 983 imperium

399 1031 665 1114 symbolumque
681 1031 818 1113 regium
840 1042 875 1095 et
891 1024 1035 1115 propter
1052 1032 1257 1115 diligentem
1273 1055 1353 1118 pro·

399 1165 624 1247 pagationem
641 1166 835 1247 symbolum
852 1166 1064 1229 coloniarum
1086 1166 1180 1231 facta
1196 1179 1265 1242 est,
1290 1170 1354 1231 sed

400 1300 505 1363 etiam
533 1309 676 1384 propter
704 1299 815 1362 aculei
843 1300 916 1393 vim*
943 1312 978 1365 et
1006 1301 1075 1362 mel
1107 1321 1215 1382 saepe
1239 1301 1352 1385 pemi-

400 1434 530 1498 ciosum
555 1434 666 1497 dirum
682 1443 880 1517 portentum
904 1435 1063 1497 omnibus
1087 1435 1250 1498 militibus
1275 1456 1353 1499 esse

399 1569 587 1649 putabatur
623 1567 759 1649 (quibus
797 1588 843 1630 ex
874 1570 979 1632 rebus
1008 1579 1131 1632 natura
1160 1569 1232 1632 eius
1261 1591 1352 1653 sym-

397 1680 513 1765 bolica
547 1720 677 1785 anceps
712 1701 812 1764 nobis
847 1701 975 1785 patet):
1016 1702 1065 1765 sic
1096 1723 1226 1778 rosam,
1262 1724 1353 1787 quae

399 1836 554 1899 similiter
599 1845 739 1918 praeter
781 1838 907 1899 odores
952 1856 1078 1899 suaves
1122 1836 1240 1920 spinas
1278 1838 1354 1913 fert,

400 1991 478 2034 cum
510 1992 578 2054 ape
607 1983 842 2054 comparatam
873 1970 1083 2045 invenimus3
1125 1971 1243 2055 itaque
1283 1994 1353 2036 am-

398 2107 462 2167 bas
493 2106 653 2188 symbola
689 2116 723 2169 et
754 2105 886 2168 doloris
921 2117 956 2170 et
990 2107 1192 2171 deliciarum
1227 2110 1354 2173 amoris

399 2237 505 2301 fuisse
533 2238 766 2322 intelligimus.
813 2240 933 2324 Atque
964 2244 1052 2305 haec
1081 2245 1189 2306 verba
1212 2243 1354 2308 Petroni

401 2373 534 2438 Arbitri
570 2376 610 2457 (c.
634 2375 685 2454 56)
723 2376 767 2437 de
803 2375 945 2458 apibus:
984 2359 1077 2451 ,ideo
1117 2385 1233 2440 autem
1267 2399 1353 2461 pun·
1406 2452 1408 2456 ¹

400 2517 501 2591 gunt,
537 2508 618 2590 quia
646 2508 854 2590 ubicumque
879 2510 979 2573 dulce
1009 2519 1063 2573 est
1087 2509 1133 2572 ibi
1157 2520 1193 2573 et
1216 2511 1353 2573 acidum

401 2639 650 2705 invenies'....
685 2644 809 2706 eodem
837 2643 940 2705 modo
971 2644 1015 2705 de
1043 2643 1130 2707 rosis
1159 2643 1262 2706 scribi
1292 2664 1353 2727 po-

399 2776 553 2839 tuissent.
578 2808 620 2821 -—

467 2910 590 2991 ltaque
621 2930 695 2973 cum
726 2910 759 2972 in
789 2911 980 2973 simulacris
1009 2911 1144 2974 Dianae
1168 2910 1353 2993 Ephesiae,

401 3062 491 3124 quae
514 3041 727 3121 Menetreius
752 3054 786 3107 et
810 3042 980 3107 Bellorius
1009 3044 1239 3127 collegerunt,
1268 3065 1353 3128 apes

401 3197 478 3240 cum
502 3175 589 3239 rosis
615 3177 815 3240 coniunctas
831 3177 1022 3252 videamus
1044 3179 1167 3241 horum
1191 3198 1354 3241 versuum

402 3308 590 3384 Claudiani,
615 3310 674 3392 qui
694 3311 811 3392 apium
831 3332 1056 3395 rosarumque
1080 3321 1238 3375 naturam
1262 3312 1353 3376 simi·

401 3444 470 3507 lem
501 3454 572 3506 tam
601 3444 771 3507 subtiliter
800 3444 972 3528 depingit,
1006 3446 1107 3508 nobis
1137 3445 1171 3507 in
1203 3453 1354 3507 mentem

401 3579 496 3643 venit
522 3578 810 3660 (Fescenn.1o5):
